2610 4546
130 269 161 312 vu
514 246 777 309 uenientis

132 405 233 459 caudas
260 407 306 458 vel
327 407 362 457 ad
386 403 497 475 linguae
517 407 595 473 leges
620 409 700 472 atque
725 404 890 472 antiquitatis
913 422 958 459 res
982 407 1154 475 rationesque

23 562 27 568 .
134 496 285 550 accuratius
303 499 503 566 cognoscendas
520 497 612 548 facere
630 496 803 562 viderentur,
822 498 855 549 de
872 515 934 552 meo
952 501 1087 553 efferrem.

202 590 262 655 Qua
277 588 304 639 iu
316 589 455 656 provincia
469 589 680 641 administranda
692 605 780 653 neruo,
793 589 896 656 opinor,
911 609 1013 658 corum,
1024 593 1069 659 qui
1080 598 1153 644 recte

22 708 25 713 ·
134 681 302 734 iuventutem
318 681 419 733 erudiri
437 682 561 748 eupiunt,
578 681 742 748 vituperabit
759 698 819 746 me,
839 685 908 749 quod
926 685 953 736 in
971 685 1154 737 constituenda

133 778 232 840 poetae
250 774 372 826 oratione
390 779 417 825 el
435 773 542 825 omnino
560 775 692 826 librorum
711 775 873 841 scripturam
889 775 1055 844 religiosius,
1072 794 1154 843 quum

136 871 199 917 aute
214 882 259 917 me
276 866 305 918 in
322 866 426 917 edenda
443 868 496 917 hoo
520 865 615 917 fabula
632 881 649 916 a
666 865 757 916 multis
774 865 878 917 factum
895 872 968 931 erat,
991 869 1154 921 servandam

121 957 229 1025 'putavi
253 963 280 1009 et
301 957 329 1008 iu
353 957 523 1010 annotatione
555 957 649 1009 critica
680 956 850 1026 diligentiae,
877 975 959 1025 quam
987 963 1072 1028 vulgo
1092 961 1155 1012 fieri

134 1051 204 1102 solet
227 1048 255 1100 in
278 1049 410 1101 eiusmodi
433 1050 611 1113 editionibus,
636 1049 803 1117 singulorum
826 1050 959 1103 librorum
982 1052 1155 1104 auctoritates

136 1141 284 1208 appellavi.
324 1142 434 1194 Etenim
452 1159 535 1208 quum
552 1141 580 1193 in
598 1141 722 1198 omnibus
738 1142 828 1206 rebus,
850 1147 907 1193 tum
923 1142 951 1195 in
968 1144 1065 1196 studiis
1083 1145 1153 1197 anti-

136 1232 247 1298 quitatis
264 1238 384 1299 praestet
400 1233 429 1285 id
446 1233 522 1301 sequi
538 1233 635 1301 potius,
653 1233 724 1300 quod
743 1240 837 1285 verum
854 1235 907 1300 sit,
926 1252 1009 1302 quam
1027 1236 1064 1300 id,
1084 1237 1153 1302 quod

136 1341 234 1377 verum
250 1324 428 1390 videatur,
451 1331 479 1377 et
502 1325 547 1379 cui
563 1341 723 1393 persuasum
743 1331 784 1378 est
806 1325 877 1380 nihil
900 1327 927 1385 in
944 1327 1081 1379 historicis
1097 1333 1155 1379 stu-

136 1417 188 1469 diis
204 1415 375 1484 ingeniosum
393 1433 466 1481 csse,
484 1420 556 1484 quod
573 1417 715 1471 nunidem
732 1418 766 1470 sit
783 1435 892 1485 vorum,
914 1418 938 1471 is
954 1420 1035 1471 istam
1052 1419 1155 1488 ingenii

136 1511 261 1571 laudem,
285 1523 367 1574 quam
393 1510 472 1562 multi
497 1509 582 1561 critici
607 1509 748 1562 inutilibus
771 1510 931 1562 coniecturis
957 1511 1156 1577 quaesiverunt,

136 1617 190 1654 non
207 1617 374 1670 magnopere
392 1601 564 1653 desiderabit.
608 1603 639 1653 ln
657 1606 715 1654 arte
733 1608 824 1654 autem
841 1602 935 1655 critica
952 1603 1116 1667 factitando,
1138 1619 1156 1655 a

136 1710 190 1760 qua
214 1693 242 1744 in
266 1698 389 1744 veterum
405 1694 575 1760 ¹scriptorum
597 1693 676 1746 libris
699 1695 774 1746 nulla
799 1694 982 1761 interpretatio
999 1696 1080 1761 plane
1096 1711 1157 1747 seso

136 1783 236 1852 poterit
260 1783 412 1849 abstinere,
440 1801 492 1836 non
516 1785 581 1836 satis
609 1789 650 1837 est
671 1785 793 1854 singndas
818 1786 965 1853 scripturas
986 1802 1081 1852 nosse,
1105 1786 1157 1838 nisi

138 1876 222 1929 stium
239 1892 334 1928 earum
344 1878 525 1929 auctoritates
543 1877 714 1945 cognoveris.
749 1878 820 1930 Nam
839 1879 1069 1945 quemadmodum
1084 1879 1157 1930 mul·

137 1973 183 2034 ta,
208 1984 277 2036 quae
303 1960 406 2036 optima
428 1969 561 2020 librorum
578 1962 739 2021 auctoritate
756 1962 1056 2037 nituntur,'‘propterea
1074 1985 1156 2036 repu-

57 2048 62 2055 ’
139 2062 239 2114 dlandn
260 2067 337 2126 sunt,
359 2061 431 2127 quod
453 2061 580 2113 idoneam
604 2062 763 2114 sententiam
787 2079 841 2114 non
864 2064 983 2126 habent,
1010 2062 1049 2113 sio
1074 2060 1157 2112 etiam

137 2156 241 2219 multa,
263 2170 335 2221 quoe
356 2154 487 2222 optimam
503 2155 618 2206 reddunt
634 2153 806 2220 sententiam,
833 2154 933 2206 idcirco
948 2154 1021 2207 falsa
1037 2153 1159 2219 putanda

136 2251 213 2311 sunt,
245 2247 309 2312 qnia
331 2246 403 2298 iusta
427 2247 560 2299 librorum
585 2245 747 2297 auctoritate
770 2251 876 2298 carent:
908 2263 942 2298 ea
969 2247 1078 2298 demum
1106 2261 1158 2311 pro

137 2336 212 2389 veris
235 2338 363 2389 habenda
388 2342 465 2400 sunt,
488 2353 560 2404 quae
582 2341 609 2388 et
632 2337 733 2388 bonam
749 2336 909 2388 sententiam
933 2335 1056 2388 efficiunt
1071 2352 1159 2402 neque

138 2433 213 2481 certa
232 2418 370 2481 ⁸librorum
393 2429 554 2480 anctoritate
576 2428 701 2481 destituta
725 2434 799 2493 sunt,
822 2428 942 2496 exceptis
965 2427 999 2479 iis
1022 2427 1106 2492 loeis,
1130 2427 1158 2479 in

138 2520 235 2588 quibus
251 2520 296 2586 id,
309 2529 311 2533 ’
324 2521 395 2588 quod
419 2521 537 2573 offerunt
561 2520 641 2584 libri,
663 2521 702 2573 ita
720 2526 909 2587 comparatum
927 2525 983 2584 est,
1009 2525 1038 2572 ut
1062 2536 1095 2584 eo
1119 2519 1161 2571 uti

136 2616 218 2681 plane
239 2630 294 2665 non
316 2630 462 2680 queamus,
478 2619 565 2680 'alque
587 2613 630 2678 id,
653 2614 724 2679 quod
741 2612 970 2665 verisimillimam
987 2628 1046 2664 esse
1062 2611 1158 2664 videa-

139 2711 199 2770 tur,
223 2705 342 2775 seligere
356 2708 537 2759 'debeamus
559 2707 595 2757 Et
614 2699 647 2756 'ut
668 2704 707 2757 ita
725 2709 851 2757 exerceat
869 2704 992 2756 criticam
1010 2708 1111 2767 ortem,
1134 2701 1159 2755 si

138 2797 248 2849 omnino
265 2786 395 2865 exercet,
412 2799 472 2866 ipsa
490 2798 615 2853 iuventas
631 2798 752 2850 docenda
764 2789 819 2850 est.
855 2796 927 2863 Quid
943 2795 1015 2848 euim
1032 2795 1108 2848 iuvat
1124 2808 1160 2848 ot

138 2891 242 2943 discere
261 2896 304 2954 te,
322 2908 391 2958 quae
408 2891 691 2958 posteadedooeuduo
708 2889 769 2942 sisi
857 2939 859 2943 .
1017 2893 1020 2899 '

206 2983 351 3050 Aptissime
370 2977 433 3035 cum
450 2984 503 3035 hoc
517 2983 639 3050 instituto
651 2984 734 3034 etiam
750 2983 811 3049 ipsa
828 2981 972 3049 explicatio
986 2980 1161 3040 cohaerebat,

140 3090 211 3141 quae
228 3091 245 3125 a
262 3092 320 3138 me,
338 3075 411 3127 utin
428 3076 568 3142 superiore
585 3074 706 3125 oratione
722 3073 892 3142 significavi,
917 3073 1009 3125 multis
1025 3071 1093 3124 locis
1109 3070 1159 3123 ad-

140 3164 228 3217 bibita
246 3171 295 3230 est,
313 3153 509 3234 quos‘prorsus
526 3170 667 3232 corruptos
685 3179 719 3214 ac
737 3181 789 3215 nou
805 3165 939 3216 sanandos
957 3164 1009 3214 nisi
1028 3180 1078 3230 per
1095 3179 1159 3214 son-

140 3256 273 3308 iectorem
297 3257 419 3324 plerique
440 3257 600 3325 interpretes
623 3255 868 3324 pronuntiaverant
915 3255 1002 3317 Atque
1027 3253 1110 3304 etium
1131 3253 1160 3305 iu

140 3349 196 3399 hae
212 3364 242 3398 re
260 3364 349 3412 nemo,
366 3354 397 3401 ut
413 3365 502 3416 sporo,
520 3363 615 3398 eorum
630 3363 676 3397 me
692 3344 882 3410 reprehendet,
903 3342 994 3407 quiin
1012 3344 1160 3397 erudienda

140 3439 279 3491 iuventute
302 3439 370 3492 nihil
392 3444 509 3502 temere,
535 3437 728 3504 circumspecte
752 3434 843 3486 omnia
867 3426 974 3502 agenda
991 3434 1161 3504 intelligunt3

142 3537 169 3584 et
186 3532 210 3584 si
228 3531 271 3582 cui
287 3531 438 3598 nimiopere
454 3530 482 3581 in
501 3528 676 3596 explanandis
695 3528 856 3597 quibusdam
872 3526 949 3591 locis,
968 3541 1034 3592 quos
1051 3520 1161 3579 facilius

142 3628 202 3676 erat
218 3629 359 3691 corruptos
378 3623 552 3690 pronuntiare
569 3627 597 3677 et
610 3610 804 3690 levi'qnadam
823 3619 989 3670 correctione
1006 3618 1084 3670 aliter
1095 3635 1160 3670 con-

142 3716 269 3781 stituere,
286 3702 455 3768 laboravisse
471 3714 594 3782 videbor,
612 3733 675 3768 sum
691 3717 820 3781 rogatum
836 3712 916 3775 volo,
941 3714 986 3775 ut,
1003 3711 1160 3777 priusquam

142 3807 201 3875 ipse
217 3807 334 3873 iudicet,
356 3806 419 3874 quid
442 3824 537 3860 verum
555 3810 607 3873 sit,
632 3808 728 3859 eadem
753 3803 895 3872 diligentia
924 3802 1083 3856 sententiam
1106 3801 1161 3854 loci

58 3947 61 3952 .
142 3901 309 3967 perpendat,
334 3916 387 3968 qua
404 3917 457 3971 ego
474 3901 616 3955 affirmare
632 3914 744 3967 possum
760 3913 806 3948 me
822 3911 901 3948 usum
919 3911 993 3960 osse,
1017 3898 1162 3961 antequem

144 3993 179 4046 de
195 3991 311 4062 siugulis
326 3995 393 4048 loeis
410 4010 591 4063 proponerem
608 3991 767 4046 senteutiam
784 4004 883 4042 meam·
927 3988 975 4042 Sic
991 4001 1071 4054 sporo
1087 3985 1161 4038 futu-
