2610 4546
133 255 174 318 le
513 254 768 318 EURIPIDIS

134 414 232 482 mnu,
249 412 357 468 etiamsi
372 413 432 484 quis
444 411 553 467 fortiter
571 431 633 468 eam
646 431 679 468 ac
693 430 795 484 magno
811 413 903 466 animo
914 411 996 481 ierat,
1014 418 1082 484 apta
1100 419 1160 471 tra-

136 508 253 580 gocdiae
266 507 382 562 materia
397 514 447 573 est,
461 509 509 560 sed
522 511 578 560 tale
591 508 672 560 debet
684 524 743 560 esse
758 512 958 577 argumentum,
969 510 1051 576 qnod,
1061 527 1162 578 quam-

136 600 180 655 vis
194 600 279 667 aliqui
296 606 455 655 remaneant
467 602 554 655 aculei
571 603 662 654 luctus
680 608 707 654 et
726 601 843 666 doloris,
864 605 957 653 tamen
977 618 1030 654 non
1046 601 1162 673 frangat

138 695 260 748 animum
274 699 301 747 ct
322 678 473 762 crasperet.
509 695 588 761 Quod
607 696 733 761 quidem,
757 696 781 748 si
799 710 853 762 qua
870 694 982 758 aliare,
1000 694 1164 764 Polyxenae

86 791 89 796 ’
137 805 205 841 nece
217 787 282 840 lieri
296 803 407 839 necesse
421 791 489 852 erat,
507 787 559 840 nisi
571 787 647 840 aliud
659 789 821 857 adiungeret
832 793 987 863 poetaque
998 787 1163 858 mitigarem

135 885 180 936 tur
193 881 277 934 animi
288 885 471 949 spectatorum
484 885 556 932 etex
570 881 619 932 illo
634 880 809 932 acerbissimo
823 882 917 933 dolore
933 882 969 933 ad
977 897 1055 948 spem
1067 897 1164 934 rursus

135 979 164 1027 ct
178 973 309 1039 fiduciam
323 975 550 1026 convalescerent.
585 974 625 1024 Ac
639 991 672 1024 ne
691 973 760 1024 iusto
779 973 859 1025 citius
874 974 1004 1027 deficeret
1018 979 1163 1042 exspecta·

104 1072 106 1078 '
135 1066 184 1133 tio,
202 1067 319 1136 prologo
336 1071 446 1118 cautum
458 1071 508 1131 est,
530 1065 578 1117 ubi
597 1065 669 1132 quod
683 1073 843 1119 narraverat
856 1068 1024 1136 Polydorus,
1048 1067 1162 1136 appari·

135 1164 228 1213 turum
246 1176 276 1211 se
297 1158 428 1223 ancillae,
445 1163 475 1210 nt
488 1161 710 1225 persolverentur
724 1160 778 1228 ipsi
790 1134 925 1229 supremis,
942 1177 993 1212 uon
1004 1160 1096 1228 potuit
1106 1177 1159 1214 nos

135 1252 267 1305 sollicitos
283 1252 389 1303 habere
405 1255 586 1317 spectatores,
613 1253 660 1319 qui
676 1269 831 1307 maerorem
844 1256 977 1306 Hecubae
992 1259 1020 1306 et
1037 1253 1085 1306 vix
1102 1254 1162 1306 sul·

134 1345 271 1398 facturam
286 1344 364 1397 novis
375 1343 457 1396 malis
469 1343 688 1399 imbecillitatem
702 1349 800 1401 aetatis
814 1349 1023 1416 conspexissent
1045 1347 1086 1400 Ac
1100 1363 1163 1398 cor-

61 1425 62 1430 *
136 1455 187 1507 pus
198 1438 330 1508 Polydori
341 1437 449 1489 rediens
465 1437 568 1490 ancilla-
584 1439 664 1492 simul
685 1447 828 1508 apportat:
848 1457 921 1508 quae
933 1457 977 1491 res
995 1456 1080 1506 quum
1095 1455 1164 1509 gra·

135 1530 248 1584 vissimc
260 1547 358 1583 omnes·
368 1516 543 1605 perculisset,
567 1532 653 1585 alium
666 1539 758 1599 tamen
771 1550 804 1586 ac
816 1536 961 1602 plerosquo
975 1533 1108 1585 credibile
1122 1536 1164 1586 est

135 1629 309 1692 exspectasse
328 1627 455 1676 eventum
477 1625 583 1677 habult.
617 1629 727 1680 Etenim
744 1645 825 1695 quem
844 1629 1009 1679 benevolum
1025 1627 1164 1680 Hecubae

133 1716 193 1772 iam
209 1716 238 1768 in
257 1717 307 1786 illa
326 1717 360 1768 de
372 1717 472 1769 ducum
484 1718 554 1770 inter
570 1737 600 1771 se
614 1720 756 1774 discordiis
772 1722 935 1786 narratione,
954 1733 1037 1787 quum
1055 1720 1163 1773 delibe-

133 1814 227 1861 rarent
244 1810 279 1861 de
296 1809 408 1862 victima
421 1810 522 1863 Achilli
535 1813 687 1879 tribuenda,
705 1815 892 1887 eognovimus,
910 1813 1038 1880 princeps
1056 1814 1164 1866 exerci-

134 1906 179 1956 tus
194 1902 364 1955 Graecorum
373 1904 544 1972 Agamemno
560 1907 672 1959 advenit
685 1908 786 1959 mirans
798 1907 873 1959 illius
890 1907 919 1958 in
931 1907 1028 1958 funere
1040 1909 1167 1960 curando

135 1997 354 2062 cunctationem,
379 1997 459 2065 idque
477 2003 508 2051 ut
528 2003 698 2055 acceleraret
713 2003 879 2073 hortaturus.
929 2002 1019 2066 Quem
1033 2000 1163 2067 Hecuba,

135 2106 218 2157 quum
238 2089 405 2157 aliquamdiu
422 2091 596 2156 haesitasset,
614 2093 742 2159 precibus
761 2093 837 2159 adiit,
853 2099 885 2146 nt
900 2111 930 2146 se
948 2094 977 2165 in
991 2090 1133 2172 exigendis
1146 2109 1165 2147 a

133 2181 325 2250 Polymestore
336 2184 431 2251 poenis
445 2183 595 2236 adiuvaret.
609 2194 612 2197 '
629 2185 717 2254 igitur
728 2193 873 2254 postquam
887 2188 958 2254 quod
972 2185 1060 2237 voluit
1073 2185 1166 2253 impe·

134 2279 264 2338 traverat,
282 2275 368 2327 acciri
386 2292 448 2326 cum
466 2275 561 2326 liberis
578 2277 634 2327 suis
650 2278 868 2343 Polymestorem
886 2278 971 2329 iussit.
1007 2279 1091 2328 Cuius
1108 2279 1166 2330 he-

133 2366 215 2418 minis
229 2366 371 2418 fallaciam
387 2381 421 2417 ac
440 2365 630 2417 detestabilem
647 2367 708 2417 auri
721 2366 896 2432 cupiditatem
910 2372 966 2417 tam
980 2367 1095 2432 egregie
1108 2369 1162 2416 ad-

132 2457 273 2510 umbravit
285 2463 377 2525 poeta,
394 2462 426 2510 ut
438 2457 535 2527 augeri
548 2457 620 2508 iram
635 2463 663 2510 et
682 2475 716 2509 ex
735 2458 838 2510 ultione
856 2474 927 2525 quae
945 2455 1068 2509 imminet
1088 2473 1163 2524 gau-

133 2551 209 2607 dium
221 2569 333 2607 neeesse
349 2550 392 2604 sit.
426 2552 515 2618 Atque
527 2550 646 2620 ingressi
659 2552 771 2604 remotis
785 2551 948 2603 satellitibus
966 2549 994 2601 in
1008 2550 1163 2608 tentorium

134 2657 213 2696 acres
228 2645 354 2696 continuo
374 2644 522 2697 audiuntur
538 2646 681 2710 clamores,
698 2645 769 2696 unde
788 2645 860 2710 quod
878 2642 1032 2710 suspicatae
1050 2642 1164 2698 fucrant

132 2737 272 2802 mulieres,
290 2736 432 2805 exquibus
449 2738 603 2790 choruscat
617 2738 790 2805 compositus,
809 2741 986 2803 exaequatam
1004 2752 1065 2787 esse
1083 2737 1163 2807 regi-

132 2846 197 2882 nam
211 2829 355 2882 consilium
369 2829 524 2896 ulciscendi,
541 2847 605 2882 mox
619 2812 732 2883 evolans
748 2829 809 2896 ipsa
825 2829 977 2881 confirmat.
1011 2829 1078 2882 Inde
1097 2846 1164 2898 spe-

134 2924 192 2978 cics
212 2904 378 2978 miserabilis
395 2925 606 2994 Polymestoris:
630 2923 776 2991 aliquando
799 2922 868 2988 irae,
891 2923 1000 2990 saepius
1020 2924 1111 2988 fletus,
1133 2928 1164 2977 et

133 3018 230 3071 auxilii
250 3018 419 3086 imploratior
438 3020 549 3073 tandem
568 3017 673 3070 accedit
684 3018 871 3086 Agamemno,
896 3033 989 3070 coram
1004 3031 1162 3085 quocausa

134 3110 301 3178 disceptatur
313 3118 341 3164 ct
355 3113 428 3165 cadit
439 3112 540 3165 iudicio
552 3113 735 3180 Polymestor.

201 3205 263 3255 Hoc
275 3204 389 3256 fabulae
404 3204 478 3259 exitu
491 3204 623 3256 ‘effectum
642 3192 701 3255 csse
714 3203 891 3270 arbitramur,
906 3208 944 3269 ut,
961 3202 985 3254 si
1002 3202 1062 3269 quis
1079 3207 1162 3255 autea

133 3301 173 3350 tot
191 3296 327 3363 tantisque
341 3296 543 3348 Priamidarum
553 3296 636 3348 malis
652 3301 679 3348 ot
696 3295 744 3348 illo
766 3298 952 3349 crudelissimo
970 3296 1051 3347 totius
1068 3295 1162 3362 stirpis

134 3388 240 3443 excidio
252 3390 432 3456 desponderet
444 3388 566 3440 animum
581 3405 668 3455 neque
682 3390 969 3456 optabilem'crederet
981 3389 1055 3440 vitae
1067 3387 1171 3441 condi·'

132 3482 250 3548 tionem,
274 3481 297 3533 si
311 3486 382 3533 esset
400 3483 450 3534 sub
470 3486 545 3533 tanta
559 3482 619 3534 siue
633 3481 759 3535 fortunae
774 3483 926 3537 temeritate
940 3481 999 3533 sive
1016 3463 1163 3549 iniquitate

133 3575 246 3627 deorum
265 3575 427 3640 vivendr'rm,
461 3575 536 3628 idem
556 3591 626 3626 nuuc
645 3575 805 3627 confirmato
823 3575 914 3626 animo
933 3590 967 3624 ne
984 3573 1011 3625 in
1032 3574 1164 3626 extremis

27 3670 44 3691 '⁴
133 3667 243 3736 quidem
253 3666 371 3721 miseriis
384 3668 584 3735 desperandum
599 3685 757 3737 amenaque
775 3667 916 3732 impunea
935 3667 1056 3718 scelestis
1068 3667 1163 3720 homi·-

133 3761 213 3813 nibus
228 3763 353 3828 quamvis
366 3761 520 3814 imbecillos
532 3769 560 3815 et
571 3763 687 3815 miseros
699 3759 800 3813 violari
811 3759 988 3829 intelligeret.
1019 3761 1059 3811 Ac
1075 3775 1162 3827 quan-

133 3870 215 3921 quam
229 3854 311 3919 illius‚
329 3871 347 3908 a
364 3872 418 3922 qua
438 3871 537 3908 nomen
554 3857 632 3909 duxit
651 3856 720 3906 haec
738 3852 844 3917 tabula,
862 3853 936 3906 haud
951 3855 1004 3906 sint
1022 3858 1080 3906 tam
1101 3852 1162 3904 exi-

132 3947 207 4000 miae
219 3952 324 4014 partcs,
343 3967 406 4002 cam
421 3955 450 4001 ut
462 3950 609 4017 praecipue
621 3947 680 4015 quis
692 3947 870 4014 spectandam
888 3949 923 4000 ab
942 3947 1019 4000 initio
1033 3951 1159 3997 censeutr

133 4045 240 4105 tamen,
258 4042 368 4112 cognita
379 4045 536 4112 Polyxenae
548 4043 648 4096 virtute
661 4044 688 4092 et
698 4040 815 4108 perfidia
825 4041 1038 4112 Polymestoris,
1059 4039 1162 4092 mirum
