2610 4546
554 289 771 354 HucUBA.

146 447 229 539 ἀλλ’,
258 443 286 521 ὦ
312 452 416 545 φίλον
439 453 575 546 γένειον,
601 450 779 549 αίδίσθητί
800 481 851 547 με,

146 555 317 646 οίκτειρον·
344 549 453 624 ἐλθών
478 551 509 626 δ’
534 555 582 642 είς
604 549 757 646 Ἀχαϊκδν
782 552 923 650 στρατδν

147 653 396 751 παρηγόρησον,
422 651 468 744 aig
493 652 696 727 ἀποκτείνειν
720 655 855 750 φθόνος

147 765 317 850 γυναῖκας,
344 751 385 844 ἃς
408 755 448 828 τὰ
472 762 605 853 πρῶτον
629 755 878 835 ου’κέκτείνατε

146 863 266 950 βωμῶν
291 855 554 949 ἀποσπείσαντες,
580 854 653 931 ἀλλ’
676 855 859 960 οἰκτείρατε.
923 930 929 935 .
1095 871 1169 944 290

147 961 252 1052 νόμος
277 956 307 1031 δ’
332 961 367 1032 ἐν
391 957 474 1053 ὑμῖν
497 968 568 1048 τοῖς
590 956 619 1030 τ’
644 961 837 1059 ἐλευθέροις
861 965 935 1052 ίσος

146 1063 203 1132 καί
227 1069 313 1134 τοῖσι
337 1060 475 1149 δούλοις
497 1066 636 1155 αἵματος
660 1071 762 1138 κεῖται
787 1066 872 1158 πέρι.

144 1159 184 1235 cd
209 1161 240 1236 δ’
265 1160 402 1256 ἀξίωμα,
426 1159 491 1236 κάν
514 1169 626 1251 κακῶς
650 1165 739 1259 λέγῃ,
764 1163 805 1238 cd
829 1164 892 1239 σδν

144 1266 259 1337 πείσει·
284 1264 384 1359 λόγος
407 1261 471 1359 γὰρ
496 1265 531 1336 ἔκ
554 1263 583 1337 τ’
608 1263 820 1352 ἀδοξούντων
845 1266 908 1341 inlu

144 1363 210 1438 κάκ
233 1372 300 1438 τῶν
324 1365 516 1439 δοκούντων
540 1363 644 1455 αὐτὸς
669 1366 716 1440 mi
740 1367 867 1443 ταάτδν
891 1369 1013 1442 σθένει.
1091 1374 1166 1446 295

144 1547 329 1614 interpretatio
348 1547 489 1598 verborum
508 1539 563 1599 udo
580 1545 674 1608 κακῶς
693 1543 767 1617 λένῃ,
786 1547 809 1598 ai
824 1563 881 1600 eam
900 1544 1060 1613 amplectere
1082 1545 1168 1607 matio-⁴

145 1632 214 1676 nem,
239 1633 306 1682 quae
327 1632 342 1664 a
362 1615 498 1683 plerisque
514 1614 626 1682 probata
641 1625 690 1679 est,
707 1617 895 1667 sententiarum
908 1625 984 1682 aptus
995 1630 1076 1664 nexus
1092 1615 1166 1664 deci-

146 1685 264 1735 deretur.
300 1683 354 1733 Sed
373 1684 426 1734 hoc
438 1700 518 1734 unum
535 1684 675 1734 dicendum
693 1697 762 1745 erat,
780 1703 848 1751 quae
866 1695 938 1736 esset
955 1683 1104 1734 admirabili
1122 1693 1166 1733 te·
1257 1704 1268 1719 ·

145 1753 224 1802 atium
237 1751 353 1803 omnium
368 1753 564 1818 conspiratione
578 1753 732 1805 confirmata
745 1755 892 1822 scriptura,
911 1769 967 1803 eam
984 1751 1008 1802 al
1020 1752 1079 1819 qnia
1092 1762 1166 1812 recte

144 1820 299 1887 explicaret,
318 1821 385 1871 nihil
400 1820 556 1872 offensionis
571 1821 696 1889 relinqui.

211 1907 236 1941 v.
254 1890 314 1941 294.
356 1890 476 1943 πείσει
495 1899 600 1956 praeter
617 1890 766 1941 Gellium
790 1888 809 1940 l.
832 1907 855 1940 c.
876 1904 982 1947 omnem
1006 1886 1050 1937 hic
1076 1897 1165 1949 antem

143 1958 217 2028 νικᾷ,
235 1974 290 2008 non
305 1958 383 2007 male.
420 1959 575 2022 Quanquam
590 1958 675 2022 aptius
696 1960 808 2008 alterum
823 1959 875 2008 hoc
893 1959 970 2018 loco,
994 1972 1074 2022 quum
1094 1956 1164 2006 ill'ud

143 2027 286 2094 praecipue
300 2026 406 2074 efficere
419 2026 525 2075 studeat
537 2025 655 2086 Hecuba,
673 2035 703 2074 ut
717 2043 775 2074 eam
788 2042 903 2083 causam,
920 2041 998 2091 quam
1015 2040 1095 2090 quum
1109 2041 1165 2074 ma·

143 2095 213 2144 xime
224 2092 322 2158 suscipi
336 2092 368 2141 ab
383 2091 462 2141 Ulixe
475 2091 593 2156 volebat,
610 2109 643 2140 ne
659 2092 776 2158 defugiat
787 2103 834 2142 aut
847 2092 1013 2142 reformidet.
1095 2090 1098 2095 '

212 2177 237 2210 ν.
256 2161 315 2209 295.
351 2155 467 2219 αὐτός.
494 2159 581 2226 Vulgo
601 2155 696 2221 τιν’τός.
720 2160 793 2211 ldem
807 2177 883 2210 error
895 2159 1163 2226 corruperatSoph.

146 2229 186 2276 El.
204 2227 267 2279 916:
291 2231 350 2286 τοῖς
371 2224 482 2280 αὐτοῖσί
500 2245 546 2279 τοι
569 2222 630 2295 Οάχ
648 2223 735 2289 αὐτὸς
756 2223 801 2282 ἀεί
820 2226 964 2296 δαιμόνων
982 2231 1167 2294 παραστατεῖ,

144 2297 188 2346 ubi
211 2297 310 2345 frustra
328 2295 455 2346 librorum
473 2294 615 2347 lectionem
629 2290 682 2350 οτίκ
701 2294 787 2359 τιν’τδς
802 2297 922 2347 defendit
933 2299 1162 2347 Buttmannua
1186 2333 1188 2337 -

141 2366 176 2413 ad
190 2363 303 2415 Philoct.
320 2365 377 2415 119.
414 2366 610 2431 circumspecte
628 2367 661 2417 de
680 2365 733 2416 hoc
747 2383 844 2434 genere
864 2366 1020 2418 mendorum
1034 2364 1164 2416 iudicavit

142 2431 790 2504 MatthiacuaudEurip.T.Vll.p.502sqq.
831 2457 834 2461 ·

141 2617 249 2670 Antbol.
265 2618 320 2669 Pal.
334 2618 366 2683 V,
382 2618 446 2669 186:
465 2615 504 2686 μή
523 2634 557 2683 με
574 2615 626 2672 δό-
676 2614 731 2674 κάν
741 2618 834 2679 κακῶς
845 2614 920 2682 δόξω
931 2615 1028 2682 λέγειν,
1039 2613 1100 2672 Οιίιι
1113 2612 1164 2671 ἀν-

140 2706 184 2741 ιιει
197 2691 336 2748 πιθανοῖς
350 2683 465 2740 ἀπατᾶν
481 2685 626 2758 (iringum,
676 2689 817 2755 ταμείψει.
830 2687 909 2750 Quod
921 2687 967 2753 qui
980 2688 1163 2754 sequutisunt,

141 2758 260 2812 Φιλαινί.
385 2797 387 2801 .
676 2757 718 2808 hia
742 2775 804 2809 sane
825 2772 933 2807 necesse
955 2766 1011 2806 erat
1029 2757 1161 2821 corrigere

174 2819 378 2890 willibadum
398 2821 463 2892 γὰρ
480 2815 523 2891 ἤν
540 2820 626 2890 ποτ’]
675 2827 804 2878 librorum
830 2825 973 2875 lectionem
996 2841 1026 2875 ea
1046 2825 1161 2885 ratione,

141 2896 209 2946 Cave
228 2895 369 2944 subaudias
387 2911 418 2942 ex
440 2893 626 2958 praecedenti·
677 2895 751 2946 cuius
775 2904 896 2944 auctores
918 2893 1109 2942 llluretua
1134 2902 1162 2942 et
1264 2928 1268 2936 ·

140 2965 189 3013 bus
204 2957 321 3027 εὐτυχής
333 2961 375 3010 vel
387 2956 549 3026 εάτνχοῦσα.
570 2963 626 3009 Ρο-
676 2964 833 3013 Wassius
859 2961 1022 3010 exstiterunt.
1056 2960 1161 3010 Etenim

140 3033 193 3081 tius
206 3030 407 3095 ipsumverbum
420 3024 493 3079 εἶναι
509 3028 625 3077 eamvim
677 3029 898 3096 quemadmodum
917 3037 988 3078 recte
1011 3028 1109 3079 dieitur
1125 3025 1160 3083 νδ

141 3098 236 3158 habet,
261 3107 290 3146 ut
307 3096 435 3160 significet
453 3097 485 3144 in
504 3096 625 3163 aliquo
675 3097 787 3164 ἀξίωμα
802 3095 835 3149 τὸ
856 3094 907 3150 σδν
924 3098 1024 3163 πείσει,
1040 3108 1077 3148 to
1094 3116 1158 3165 pro

142 3182 279 3216 numero
312 3182 403 3227 esce,
434 3164 538 3215 rebus
566 3182 625 3215 ee·
674 3167 895 3218 auctoritate
925 3176 982 3216 tua
1014 3183 1158 3232 persua-

140 3235 262 3285 cuntlis
282 3232 431 3283 florere·
674 3236 845 3297 debio‚ita
865 3235 979 3301 ineptam
996 3234 1159 3285 habetaen*

174 3321 197 3354 ν.
213 3303 273 3353 986.
298 3291 445 3362 ἀφίλων
460 3297 622 3367 γένειον]
673 3306 785 3356 tentiam
798 3303 1036 3365 illudalterum‚cd
1048 3297 1160 3370 ἀξίωμα

88 3388 91 3392 ’
140 3371 315 3439 Compellutio
339 3369 625 3421 ductuomorehabi-
673 3371 705 3427 τὰ
731 3371 781 3426 σὸν
809 3374 909 3434 κακῶς.
926 3369 1011 3439 λέγει,
1041 3389 1157 3438 parum

138 3452 220 3506 tuque
240 3439 405 3513 supplicum,
439 3456 517 3506 quem
537 3439 623 3488 discas
673 3441 915 3510 probabiliter
939 3441 1048 3503 dicis,
1072 3457 1156 3506 qua-

140 3510 274 3558 exllom.
291 3511 323 3559 ll.
342 3528 371 3571 α,
390 3510 440 3559 500
459 3526 517 3575 sqq.
552 3508 622 3558 Hinc
671 3509 1155 3576 tenusmagnamauctorita·
1188 3510 1209 3543 t·

139 3576 484 3643 frequensillaobtestandi
498 3576 622 3640 formula,
646 3582 737 3630 ”teni
769 3579 892 3628 habea:
923 3578 976 3628 nisi
999 3577 1099 3643 siquis
1122 3578 1155 3627 de

138 3644 209 3714 πρὸς
227 3647 334 3709 γενείου
351 3648 392 3697 vel
408 3641 560 3711 γενειάδος,
578 3646 617 3694 in·
671 3648 802 3698 eiusmodi
816 3647 923 3698 homine
936 3646 1073 3712 loquatur,
1081 3645 1155 3698 cuiue

138 3716 178 3765 fra
192 3733 216 3763 v.
231 3714 289 3764 753.
307 3716 377 3764 Med.
396 3717 438 3766 65.
455 3716 547 3781 Suppl.
562 3714 622 3765 277.
671 3717 734 3767 {idei
749 3717 863 3780 gravitas
881 3715 997 3778 officiat,
1023 3711 1156 3780 quodca-
1244 3722 1255 3739 ⁸

139 3785 180 3834 cf.
190 3786 276 3832 Orest.
287 3783 346 3832 290.
365 3784 491 3834 Androm.
503 3785 561 3836 574.
571 3792 621 3834 cet.
673 3786 749 3837 deret
760 3786 788 3834 in
795 3783 985 3851 Antiphontem
998 3782 1074 3833 illum
1086 3781 1156 3834 Ilha.

172 3850 268 3903 ciffi.
294 3848 453 3918 φθόνος]
472 3849 490 3920 ἡ
509 3851 622 3920 μέμψις,
672 3855 812 3915 muntium,
830 3851 1007 3903 formidabilis
1024 3851 1156 3918 eloquen-

137 3922 283 3987 iuterprete
302 3918 392 3969 Sobol.
411 3921 621 3988 aristoph.
671 3924 725 3973 tiae
744 3925 838 3984 virum,
862 3938 916 3972 non
937 3920 1008 3970 cadit
1024 3919 1078 3970 hoc
1092 3919 1154 3970 luco

138 3990 207 4046 Plut.
221 3989 262 4041 87.
671 3992 818 4042 inUlixem.
842 3990 955 4040 Aliarea
970 3999 1020 4051 eat,
1039 3990 1062 4039 si
1076 3988 1154 4039 verba

169 4076 195 4108 v.
208 4058 267 4108 293.
294 4054 397 4115 Κακοῑς
412 4052 500 4122 λέγειν
521 4057 621 4109 licebat
670 4061 719 4110 illa
733 4061 825 4120 κακῶς
838 4055 927 4124 λέγειν
941 4075 996 4108 non
1014 4058 1047 4107 de
1061 4056 1094 4106 iis
1107 4073 1154 4106 ac-

135 4127 306 4192 interpretari
317 4127 345 4174 iu
356 4125 427 4174 hunc
439 4142 554 4187 aeneum,
567 4143 622 4191 quo
671 4129 807 4197 cipianrus,
820 4145 887 4195 quae
895 4127 955 4193 quia
969 4129 1059 4176 minna
1071 4125 1162 4172 diaer-

136 4194 200 4245 alibi
228 4194 327 4244 dicitur
348 4187 500 4256 ἀπιθάνως
524 4192 623 4261 λέγειν.
672 4208 701 4248 te
717 4198 805 4263 dicat,
820 4197 873 4249 aed
887 4194 1042 4248 bendum,
1055 4203 1130 4251 uuae
1146 4186 1185 4230 ὼ

130 4262 283 4314 SicTroad.
292 4263 362 4317 914.-
381 4260 579 4336 carpendo
593 4255 625 4324 ati
680 4286 791 4339 eornm,
802 4268 855 4339 opu
865 4247 1208 4322 aou'mnttssffifflffl‘
1257 4280 1264 4290 ε
