2610 4546
612 180 872 300 EURffHMS

644 399 851 469 XOPOAE

332 494 431 571 οὔπω
455 495 620 585 δέδωκας,
644 494 717 570 ἀλλ’
742 500 822 586 ἴσως
847 495 965 585 δώσεις
988 498 1096 597 δίκην·
1156 514 1259 676 ’1025

334 597 492 694 ἀλίμενόν
516 624 566 688 τις
591 595 638 686 ὡς
663 600 698 689 ἐς
722 596 844 673 ἀννλον
867 597 979 672 πεσών

298 817 323 853 v.
333 801 409 854 1025.
425 793 543 852 πεσάν
555 796 590 849 Ν.
604 797 690 865 Vulgo
704 793 841 866 ἐμπεσών,
859 797 1260 868 quodtueturMatthiaeus,

233 887 266 921 eo
280 887 342 920 usus
357 878 526 935 argumento,
544 867 619 932 quod
631 868 780 918 dochmiaci
792 887 883 919 versus
899 883 1087 934 nonnunquam
1108 868 1135 916 in
1153 870 1257 922 iambos

233 939 372 1002 desinant,
390 938 455 988 coll.
472 935 575 988 Seidl.
590 936 624 985 de
635 953 717 988 veras.
731 937 838 988 dochm.
853 954 879 1003 p.
895 937 953 987 163.
976 937 1021 985 Ae
1031 934 1097 985 sch.
1112 937 1187 988 Eum.
1197 939 1257 993 391.

232 1007 292 1058 399.
306 1006 340 1057 cf.
360 1023 437 1072 supra
451 1022 476 1054 v.
492 1005 551 1055 715.
588 1005 642 1053 Sed
659 1005 711 1055 hoc
722 1015 810 1056 tamen
822 1005 883 1087 loco
898 1004 948 1055 illa
963 1019 1059 1071 parurn,
1070 1003 1177 1070 elegans
1192 1007 1257 1058 scri-

231 1085 310 1142 ptura
324 1085 366 1126 est
381 1082 492 1143 propter
505 1090 617 1141 sequeus
630 1069 742 1144 ἐκπέσῃ.

265 1301 292 1337 v.
308 1282 511 1337 luat-1028.
537 1282 677 1334 Maximam
689 1284 717 1334 in

231 1353 282 1405 hac
300 1353 430 1404 sententia
444 1352 718 1431 difficultatemqobii-

232 1423 306 1474 ciunt
320 1422 399 1472 verba
415 1415 535 1490 άμέρσας
549 1422 627 1492 βίον,
651 1439 718 1489 quae

230 1491 369 1559 quominus
383 1491 508 1540 cumillis
525 1488 625 1559 ἐκπέσῃ
635 1493 719 1556 φίλοις

228 1559 347 1628 καρδίας
361 1559 526 1626 coniungam,
548 1559 658 1626 impedit
673 1561 718 1608 in-

177 1635 180 1638 ⁴
229 1639 299 1696 epta·
317 1645 347 1678 uc
366 1628 452 1678 futilis
478 1628 602 1694 profecto
621 1629 648 1679 in
667 1628 718 1679 hac

229 1697 373 1749 verborum
408 1696 608 1747 constructione
639 1696 719 1763 copia

231 1765 370 1817 orationis.
405 1765 487 1830 Igitur
499 1765 562 1832 quin
577 1765 718 1816 referenda

230 1835 284 1885 aiut
302 1832 412 1882 adidem
423 1833 579 1898 subiectum,
597 1834 718 1900 quodert

228 1902 256 1953 in
271 1899 385 1963 δώσεις,
404 1918 457 1951 uon
472 1901 582 1964 dubito,
607 1919 717 1969 eamque

230 1969 716 2036 obcausamsustulipaencmaiorem,

229 2057 296 2107 quae
317 2048 359 2101 est
374 2049 436 2106 post
453 2039 549 2102 δίκην,
574 2039 717 2107 interpun-

227 2109 353 2160 ctionem.
383 2107 436 2157 aed
450 2108 521 2158 illud
534 2109 650 2159 nondum
666 2109 716 2158 de-

228 2177 318 2239 crevi,
342 2186 448 2226 rectene
462 2177 655 2227 Bruuclrius
670 2179 716 2226 in·

226 2245 716 2314 terpreteturquiprivastirita,

226 2332 264 2365 ac.
279 2313 457 2379 Polydorum,
483 2331 515 2363 an
531 2310 582 2362 alia
599 2314 716 2364 circum·

226 2381 363 2448 spiciendo
377 2381 413 2430 sit
428 2382 579 2448 explicatio.
611 2384 716 2432 Brun-

226 2450 336 2501 ckium
354 2447 715 2516 sequiturMattlriaeua,

225 2519 350 2586 idemque
361 2518 536 2568 accusativum
551 2519 716 2586 diovsimili-

224 2597 267 2638 ter
282 2587 400 2655 positum
417 2597 516 2649 censet,
535 2597 563 2636 ut
573 2587 595 2638 si
607 2589 665 2655 quis
675 2587 716 2638 di·

225 2664 270 2707 cat
291 2653 479 2725 ἀφαιρεῖσθαι
492 2656 533 2706 vel
549 2653 715 2726 ἀποστερεῖν

223 2721 289 2778 τινά
302 2743 339 2776 τι.
373 2724 526 2789 Exemplum
543 2726 621 2774 etiam
635 2725 713 2775 huius

225 2802 373 2844 structurae
389 2792 477 2843 attulit
491 2810 523 2842 ex
538 2793 627 2843 Hom.
642 2790 668 2840 h.
685 2793 713 2842 iu

226 2862 286 2915 Cer.
295 2863 359 2913 312:
374 2855 483 2930 γεράων
494 2855 518 2913 τ’
529 2857 659 2929 ἐρικυδέα
670 2879 714 2913 τι-

223 2929 281 2999 μήν
295 2929 343 2983 καὶ
360 2930 470 2982 θνσιοῑν
485 2925 603 3001 ἤμερσεν
614 2925 714 2997 Ὀλύμ-

222 3018 276 3053 πια
290 2995 397 3064 δώματ’
409 2997 531 3066 ἔχοντας.
566 2999 607 3049 Ad
626 3015 713 3049 meum

173 3108 178 3118 .
223 3077 312 3119 tamen
326 3085 430 3117 sensum
449 3071 538 3118 nescio
563 3086 615 3133 quo
635 3079 712 3134 pacto

222 3136 665 3201 vehementerfrigenthuecverba,
684 3137 713 3186 in

224 3216 342 3256 extrema
352 3204 505 3271 praesertim
516 3204 655 3268 sententia,
667 3205 712 3255 ubi

223 3273 342 3341 expleret
362 3273 475 3322 animum
496 3267 617 3324 ἀνοσίων
635 3270 715 3326 ἕκατι

223 3338 424 3409 τολμημάτων,
458 3351 504 3391 aut
529 3342 614 3392 simile
639 3342 712 3408 quid.

221 3417 308 3478 Atque
323 3410 393 3459 haud
406 3410 479 3474 scio,
498 3427 530 3460 an
544 3410 576 3460 ab
592 3410 643 3461 hoc
659 3428 713 3477 po-

221 3480 275 3530 tius
290 3479 510 3545 progrediendum
524 3478 560 3528 sit
572 3479 665 3541 initio,
682 3488 713 3530 ut

223 3548 421 3612 investigemus,
440 3566 490 3615 qua
503 3549 530 3597 in
540 3565 568 3598 re
578 3550 667 3614 posita
677 3549 713 3598 sit

223 3616 343 3682 naufragi
353 3626 431 3683 atque
448 3619 475 3665 in
489 3617 654 3683 importuosa
666 3617 712 3666 lo-

222 3703 253 3734 ca
277 3684 353 3735 eiecti
377 3685 524 3735 similitudo
547 3702 712 3753 cumpoena

221 3753 426 3820 Polymestoris.
459 3755 495 3803 Ea
506 3753 575 3803 enim
588 3772 640 3816 res,
659 3753 710 3804 nisi

220 3822 299 3872 aliam
320 3823 393 3872 ineas
411 3822 602 3889 interpretandi
625 3822 711 3872 ratio-

221 3907 291 3954 nem,
302 3908 430 3956 nusquam
437 3900 560 3958 apparet:
580 3891 711 3956 siquidem

220 3958 307 4021 illud,
326 3960 397 4010 unde
413 3960 519 4010 ducitur
535 3959 710 4025 comparatio,

220 4045 274 4078 non
287 4037 378 4096 potest
396 4046 453 4078 esse
467 4044 610 4093 poenarum
631 4044 711 4077 exso-

220 4096 300 4157 lutio,
318 4095 709 4165 quaecaditsaneinThracum

212 4182 320 4229 regem,
340 4182 395 4216 non
416 4165 487 4216 cadit
500 4165 527 4214 in
540 4164 622 4230 illos,
646 4163 710 4232 qui-

202 4234 395 4299 cunquemari
411 4234 575 4288 obruuntur.
593 4232 711 4286 Atutri-

768 1301 820 1351 que
836 1281 919 1334 diram
932 1291 959 1333 et
970 1281 1169 1333 ineluctabilem
1181 1302 1256 1336 mor-

767 1362 820 1402 tem
832 1360 969 1418 oppctunt.
988 1353 1080 1415 ltaque
1092 1363 1122 1402 ut
1131 1364 1202 1405 recte
1210 1355 1257 1406 ha-

768 1421 831 1471 beat
846 1419 1021 1486 comparatio,
1040 1419 1140 1485 aliquid
1151 1423 1257 1475 deside-

767 1500 840 1540 ratur
852 1489 885 1538 ad
899 1488 947 1538 illa
965 1486 1064 1549 δώσεις
1078 1490 1173 1557 δίκην,
1201 1511 1255 1560 quo

767 1568 931 1625 peremptum
943 1557 976 1606 iri
985 1558 1196 1623 Polymestorem
1211 1562 1256 1610 in-

768 1627 887 1677 dicetur:
906 1625 978 1693 quod
987 1626 1093 1693 quidem
1104 1628 1189 1692 ipsum
1201 1630 1255 1680 iam
1280 1656 1281 1661 ¹

769 1695 953 1761 exagitandum
973 1705 1014 1744 est
1033 1713 1065 1744 ex
1084 1695 1172 1762 aliqua
1184 1699 1256 1749 late-

767 1765 824 1813 bra.
860 1763 1001 1830 anlicem
1014 1773 1101 1813 autem
1114 1765 1180 1815 viam
1190 1767 1255 1818 licet

767 1831 924 1896 ingrediare.
966 1836 1019 1881 Ant
1038 1832 1124 1897 enirn,
1148 1835 1254 1886 sublata

767 1900 859 1950 maiori
873 1898 1102 1966 interpunctione,
1128 1920 1193 1969 quae
1212 1914 1252 1953 est

766 1967 928 2035 postdinqv,
946 1967 1089 2035 coniungas
1101 1969 1178 2022 haec:
1195 1969 1253 2024 doi-

766 2053 822 2098 σεις
836 2037 917 2104 δίκην
932 2029 1053 2103 ἀμέρσας
1065 2033 1143 2107 βίον,
1169 2058 1252 2107 poe-

766 2124 823 2156 nas
843 2107 958 2173 capite
975 2106 1062 2159 lues.
1080 2109 1254 2177 Acristipar-

764 2174 885 2241 ticipium
907 2174 1029 2225 similiter
1047 2188 1200 2243 usurpatum
1226 2179 1254 2230 in

765 2243 832 2310 lph..
844 2244 875 2295 T.
897 2243 963 2294 443:
997 2243 1045 2296 i'vu
1064 2273 1098 2286 -
1119 2244 1253 2313 λαιμοτό-

765 2331 808 2380 μῳ
826 2312 1047 2382 δεσποίνσςχερὶ
1058 2310 1136 2381 θάνῃ
1150 2314 1254 2377 ποινάς

766 2374 846 2433 dorio'
859 2378 1046 2448 ἀντιπάλους,
1065 2383 1109 2432 ubi
1123 2383 1179 2432 noli
1192 2384 1250 2432 exi-

766 2449 873 2500 stimare
887 2449 916 2499 id
930 2461 1056 2516 exoptare
1070 2451 1194 2515 chorum,
1219 2459 1251 2501 ut

764 2519 859 2586 poenis
881 2519 971 2569 nescio
988 2520 1084 2586 quibus
1104 2519 1252 2586 acsuppli-

764 2587 812 2637 ciis
824 2582 968 2652 ‘perfuncta
983 2588 1016 2638 ad
1035 2600 1179 2639 extremum
1188 2606 1253 2656 per-

765 2656 927 2718 eatllelena,
946 2657 994 2706 sed
1009 2666 1037 2705 ut
1051 2668 1137 2707 morte
1147 2658 1254 2707 obeun-

765 2724 798 2772 da
814 2741 912 2788 poenas
929 2725 1087 2774 delictorum
1107 2727 1252 2790 persolvat.

764 2791 916 2856 Quanquam
942 2791 1072 2856 estquod
1094 2809 1135 2841 me
1151 2792 1183 2840 ab
1203 2794 1252 2844 illa

762 2857 1063 2925 rationarevoeet:nou
1073 2876 1125 2926 quo
1135 2861 1252 2911 medium

763 2921 952 2994 άμερσάμενος
966 2927 1107 2994 requiram,
1118 2946 1197 2995 quum
1206 2930 1251 2979 di-

764 3007 838 3046 catur
851 2996 884 3046 de
898 3014 946 3059 eo,
971 2995 1016 3062 qui
1034 3014 1087 3047 non
1102 2997 1183 3048 alium
1196 3000 1251 3050 vita

763 3063 938 3131 spoliaverit,
957 3067 1003 3115 sed
1018 3066 1069 3116 sibi
1083 3066 1141 3133 ipse
1156 3078 1251 3118 auctor

763 3134 892 3201 pereundi
911 3134 1054 3185 exstiterit:
1074 3154 1159 3204 neque
1181 3137 1250 3186 enim

763 3203 843 3268 magis
855 3201 907 3252 hoc
915 3205 1091 3254 necessarium
1099 3215 1163 3272 puto
1172 3220 1248 3270 quom

763 3271 837 3339 quod
848 3289 930 3338 supra
943 3291 966 3323 v.
978 3274 1037 3325 598.
1054 3292 1103 3339 pro
1116 3272 1185 3335 vulg.
1196 3266 1249 3334 (ον’-

762 3356 807 3392 σιν
821 3335 962 3410 διὲφθειρ’
976 3340 1163 3408 suppeditabat
1180 3343 1246 3402 Aug.

762 3426 785 3458 a.
797 3405 938 3478 διέφθορ’,
957 3411 1115 3471 omninoque
1127 3405 1191 3453 haec
1206 3423 1248 3455 res

761 3495 814 3527 non
830 3487 870 3527 est
883 3496 914 3528 ex
924 3476 1084 3545 praescripto
1094 3475 1249 3536 grammati-

762 3563 868 3608 corum,
893 3547 941 3597 sed
952 3561 983 3595 ex
998 3541 1189 3591 cousuetudine
1205 3543 1249 3592 iu-

762 3614 887 3676 dicanda,
920 3628 985 3677 quae
1007 3608 1059 3658 alia
1079 3609 1164 3658 estin
1186 3611 1247 3660 aliis

761 3682 857 3732 verbis.
893 3680 946 3728 Sed
962 3677 1032 3727 illud
1055 3677 1121 3727 mihi
1140 3678 1247 3744 quidem

780 3748 946 3799 ermolestum
960 3757 1000 3797 est
1020 3763 1050 3796 ac
1062 3747 1155 3796 mirum
1169 3746 1248 3797 affert

759 3770 926 3881 languorem,
945 3816 1018 3883 quod
1035 3828 1166 3866 extremae
1181 3832 1245 3865 sen-

759 3885 860 3936 tentiaa
877 3893 1003 3954 tauquam
1024 3885 1118 3936 inutile
1141 3885 1246 3950 pondua

759 3952 904 4004 adhaerent
917 3972 957 4019 ea,
976 3972 1052 4022 quae,
1069 3966 1099 4004 ut
1111 3964 1183 4003 recte
1200 3953 1247 4003 ad·

758 4022 911 4088 iungeretur
918 4023 1073 4084 similitudo,
1086 4023 1246 4088 praecedere

759 4090 902 4145 debebant.
922 4091 1203 4158 Quamobremvereor,
1213 4107 1246 4140 ne

758 4160 926 4228 probabilius
946 4160 1120 4232 simultatum,
1137 4170 1183 4222 ut,
1200 4177 1247 4211 re-

757 4229 825 4283 licta
838 4230 1008 4289 distinctione
1024 4239 1088 4297 post
1101 4229 1195 4298 δίκην,
1220 4243 1246 4277 v.
