2610 4546
132 260 154 318 s
374 218 384 235 '
518 248 772 328 numerous

134 415 182 466 aut
197 419 302 476 eorum3
325 408 359 462 ad
375 423 442 476 ques
464 407 576 460 illorum
601 410 773 459 monumenta
794 402 897 472 ingenii
912 393 1160 470 hereditate'perti-

134 503 245 564 nebant,
261 504 400 567 scceptnm
416 499 566 552 referamne
584 504 663 564 atque
679 514 712 549 ex
729 495 834 548 levibus
850 494 1011 562 quibusdam
1027 494 1087 547 sive
1101 499 1160 545 cor2

134 575 299 646 sectionibus
316 590 372 644 sive
388 591 547 658 corruptelis
564 588 699 656 duplicem
716 587 807 642 statim
823 586 1011 640 recensionem
1027 585 1159 639 exstitisse

136 683 323 737 coniectemas.
777 729 782 739 ,

203 776 245 827 De
258 774 357 829 bledee
373 763 626 841 quidem'ilnripidir
643 771 689 838 qni
706 770 811 846 primus
830 767 962 820 eiusmodi
980 767 1160 836 suspicionem

136 865 236 929 movit,
261 867 345 918 Pars
355 880 440 916 onus
462 863 628 931 argumentis
645 877 709 913 usus
722 866 770 928 ost,
788 865 819 912 nt
834 860 904 911 mihi
920 859 1027 926 quidem
1044 859 1159 924 ridetur,

137 973 191 1009 non
207 956 273 1008 satis
283 953 419 1024 gravibus.
440 955 541 1006 Eorum
557 955 672 1008 alterum
686 952 798 1020 protulit
809 951 844 1004 ad
855 968 881 1002 ι.
893 949 953 1003 300.
969 949 1042 1017 (298.
1053 951 1161 1018 Rern),

139 1046 188 1100 ubi
199 1063 283 1114 quum
293 1063 342 1119 pro
357 1062 399 1110 eo,
416 1047 487 1114 qnod
499 1047 582 1114 vulgo
597 1046 790 1111 scriptumest,
803 1044 925 1097 σκαιοῖσι
940 1040 991 1110 μὲν
1007 1041 1060 1112 ycip
1077 1038 1161 1096 carrd

138 1137 304 1208 κροςφὲριιν
321 1137 414 1206 rond,
430 1138 553 1190 nonnulli
569 1136 634 1190 libri
647 1135 805 1188 exhiberent
821 1131 906 1187 russei
923 1131 1089 1203 προςφὲρων
1100 1131 1161 1202 ἔπη,

141 1245 202 1282 eam
221 1228 271 1281 ille
287 1229 429 1281 lectionem
445 1231 591 1296 prolectam
604 1228 727 1294 opinatus
741 1232 829 1277 estex
849 1225 971 1277 secundis
991 1226 1062 1277 curis
1078 1225 1162 1292 ipsias

141 1318 291 1388 Euripidis,
305 1320 351 1387 qui
365 1319 482 1372 derisum
493 1321 527 1372 ab
540 1318 716 1383 Aristophane
729 1317 841 1371 Thesm.
855 1313 1101 1368 ll4l.socabulem
1113 1329 1162 1369 ec·

142 1404 205 1476 φός,
222 1424 276 1474 qno
286 1408 327 1460 uti
342 1409 481 1462 ridebatur
495 1409 627 1477 cupidius,
638 1407 877 1460 removererellet.
893 1405 988 1458 Simile
1001 1406 1162 1458 estelterum

97 1484 104 1493 Χ
140 1503 339 1568 argumentum,
361 1500 431 1566 quod
442 1502 562 1569 exposuit
574 1502 608 1554 ad
621 1518 648 1553 v.
665 1496 742 1551 1314.
754 1497 862 1566 (1317.)
878 1498 907 1551 rt
921 1492 1004 1558 τάςδε
1018 1499 1105 1558 κινεῖς
1115 1492 1163 1550 sni·

141 1586 322 1659 onpoztsriesc
337 1589 438 1658 κιῖῖιις,
456 1593 502 1644 sad
516 1592 584 1644 illud
600 1597 627 1644 et
638 1591 765 1644 subtilius
780 1588 961 1658 excogitatum
975 1592 1002 1640 et
1015 1588 1087 1640 baud
1101 1605 1165 1640 eon·

141 1682 291 1736 temuendis
311 1684 461 1737 rationibus
476 1685 672 1737 confirmatum.
713 1681 834 1734 Dubium
849 1680 920 1732 enirn
932 1696 990 1732 csse
1001 1696 1054 1731 non
1071 1684 1165 1746 potest,

143 1774 209 1840 quin
224 1779 319 1827 auctor
337 1774 440 1829 Christi
454 1774 600 1837 Patientis,
624 1774 700 1826 cuins
714 1774 747 1824 de
758 1776 885 1840 perpetue
898 1770 1048 1825 imitatione
1059 1769 1165 1837 Euripi.

142 1863 271 1918 dissutis
293 1870 411 1930 constat,
435 1882 518 1932 qnam
536 1865 643 1933 scripsit
665 1883 691 1918 v.
709 1863 769 1916 lto.
794 1861 843 1919 καὶ
858 1860 958 1924 scricis
979 1865 1065 1923 κινεῖς
1081 1858 1166 1914 scisc-

42 2010 46 2016 ,
72 2026 75 2031 ,
145 1954 291 2024 casusne
314 1952 422 2023 λόγους,
447 1961 474 2008 et
493 1974 521 2009 v.
538 1956 599 2010 436.
623 1957 653 2010 rt
674 1953 775 2018 τούςδε
792 1958 877 2017 κινεῖς
893 1949 1108 2022 κᾶνιιμοιῖειῖεις
1123 1948 1166 2021 ῖός

145 2065 232 2116 poor,
261 2049 408 2117 respexerit
430 2065 507 2116 eum,
532 2066 611 2116 quem
634 2048 775 2117 proposui,
804 2052 911 2100 nostrae
933 2046 1042 2098 tabulae
1063 2045 1163 2099 locum.
1187 2108 1190 2115 Ι

145 2140 187 2191 lix
204 2139 299 2192 eodem
314 2141 390 2193 fonte
407 2146 516 2207 apparet
532 2141 654 2195 hausisse
670 2138 903 2193 Heliodorum
920 2136 1041 2202 Aethiop.
1058 2134 1081 2187 1.
1090 2153 1116 2201 p.
1125 2134 1169 2192 lb.-

147 2230 184 2282 Τῖ
207 2231 300 2284 ταῦτα
326 2235 414 2292 κινεῖς
434 2228 666 2300 κιῖνιιμοχῖειῖειςς
694 2233 779 2286 τοῦτο
808 2229 849 2298 δὴ
871 2227 903 2282 τὸ
926 2229 983 2282 τῶν
1007 2228 1166 2298 τραγῳδῶν.

145 2319 238 2386 Neque
255 2321 385 2373 credibile
401 2325 442 2375 est
459 2327 603 2388 utrumque
621 2324 795 2388 scriptorem,
819 2320 844 2372 si
859 2320 969 2386 legisset
984 2319 1055 2384 apud
1071 2317 1168 2371 Enri-

134 2409 258 2477 .pidcm
281 2428 350 2477 quse
366 2419 458 2466 nostra
474 2414 637 2481 exemplaria
655 2415 796 2481 praebent,
813 2411 842 2463 in
859 2410 970 2463 eandem
987 2409 1112 2462 incidisse
1127 2409 1169 2484 di-

148 2500 264 2553 ctionem
288 2517 400 2569 eamque
420 2504 486 2556 adeo
509 2505 668 2557 insolentem
685 2510 712 2556 et
729 2503 827 2572 tragici
850 2501 961 2556 tumoris
979 2500 1169 2569 plenissimam.

145 2592 209 2643 Huc
226 2592 340 2659 denique
350 2595 455 2648 accedit
466 2596 541 2648 locus
552 2594 802 2663 Aristophanis
813 2594 970 2648 criminibus
978 2580 1114 2661 Euripidis
1127 2609 1170 2645 re·

147 2680 242 2747 fertus,
259 2683 330 2736 Nub.
341 2683 418 2736 1399.
436 2685 496 2740 zie
508 2683 597 2757 ἔργον,
615 2677 639 2740 oi
650 2689 756 2741 καινιῖν
768 2685 845 2740 tucis
855 2682 955 2754 κινητὰ
965 2684 1014 2741 καὶ
1024 2679 1169 2753 nontaceri,

149 2770 250 2827 Πειθώ
268 2792 333 2828 τινα
350 2777 451 2843 ζητεῖν,
469 2772 546 2839 ὅπως
562 2776 654 2843 δόξεις
671 2778 758 2845 λέγειν
775 2779 881 2832 δίκαια.
915 2778 957 2830 Ex
974 2795 1027 2845 quo
1044 2774 1171 2845 probabi·

146 2864 183 2916 lis
199 2881 264 2918 sane
286 2867 391 2919 ridetur
415 2869 570 2922 coniectura
587 2870 734 2922 Borcani
752 2869 917 2937 Euripidem,
943 2886 1025 2936 qnam
1039 2870 1067 2921 in
1082 2867 1171 2936 priore

147 2956 265 3011 editione
281 2976 331 3028 pra
347 2958 432 3023 τάςδι
446 2956 539 3023 uitur
555 2961 704 3030 scripsisset
720 2957 820 3024 τιν’ςιῖε
837 2960 937 3030 λόγους
952 2962 998 3014 rel
1008 2961 1099 3015 ταῦτα
1109 2957 1175 3026 imp·
1199 3023 1203 3028 .

67 3090 69 3094 .
147 3053 240 3116 posteo
263 3051 414 3104 traductum
437 3069 455 3104 a
476 3053 579 3106 comico
603 3054 633 3106 id
653 3059 787 3122 mutasse,
810 3055 882 3121 quod
902 3053 1113 3121 reprehendendi
1129 3051 1172 3105 illi

148 3126 316 3192 occasionem
334 3142 456 3193 dedisset.
493 3145 652 3211 Quanquam
668 3146 737 3197 illud
753 3145 871 3212 prolecto
883 3146 984 3197 mirum
994 3151 1049 3208 est,
1066 3149 1172 3211 praeter

147 3228 220 3282 hanc
237 3247 301 3284 sane
318 3233 523 3286 memorabilem
541 3236 690 3303 scripturae
706 3236 873 3302 renotatam,
891 3235 1021 3299 siquidem
1038 3249 1071 3282 en
1086 3239 1172 3286 retra·

149 3319 246 3372 ctantis
265 3320 389 3375 fabulam
411 3329 507 3391 poetae
529 3327 659 3378 censenda
681 3332 734 3388 est,
759 3326 836 3376 nulla
857 3321 982 3388 indagari
1006 3337 1085 3387 posse
1107 3323 1173 3377 satis

149 3414 222 3464 certa
243 3411 358 3479 duplicis
379 3413 542 3466 recensionis
565 3413 693 3483 vestigia.
731 3414 801 3468 Nam
826 3429 895 3481 quae
918 3410 971 3464 sibi
993 3410 1067 3464 risus
1084 3420 1125 3467 est
1140 3408 1182 3468 ex¹

148 3518 181 3555 eo
198 3519 297 3570 genere
313 3504 445 3571 reperisse
469 3504 629 3559 Osannus
645 3506 723 3559 duel.
737 3506 796 3558 crit.
816 3526 843 3575 p.
863 3504 899 3557 so
913 3521 1002 3570 seqq„
1019 3519 1060 3567 ea,
1076 3508 1107 3557 ut
1118 3504 1173 3558 vim

152 3593 273 3662 aliquam
296 3595 426 3650 habitura
447 3603 549 3663 essent,
573 3599 596 3652 si
614 3599 740 3657 Medeam
758 3599 857 3652 iterum
875 3596 973 3648 editam
990 3610 1048 3648 esse
1065 3595 1173 3650 aliunde

149 3688 296 3751 mustaret,
312 3693 407 3742 ῐιιιιιειι
423 3687 482 3756 ipsa
499 3706 548 3758 per
564 3705 593 3741 se
611 3689 644 3742 ad
661 3705 721 3742 eam
738 3704 796 3740 rem
813 3687 1045 3741 demonstrandam
1061 3687 1173 3740 minime

151 3773 247 3831 idonee
273 3784 335 3833 sont
352 3779 391 3847 ²).
425 3779 500 3833 idem
525 3779 666 3834 dicendum
691 3782 733 3833 est
748 3777 782 3832 do
798 3779 848 3835 illa
866 3779 1025 3848 suspicione,
1042 3795 1123 3847 quem
1140 3778 1173 3832 de

154 3927 355 3944 Ἤ

153 4023 184 4090 ²)
201 4024 262 4079 vid.
280 4029 362 4094 hug.
379 4028 548 4084 Matthiae
565 4030 600 4083 sd
615 4031 705 4099 Enrip.
723 4030 756 4085 T.
774 4031 819 4086 Vl.
838 4049 866 4099 p.
888 4031 950 4083 424.
970 4029 1030 4082 425.
