2610 4546
551 262 809 332 EURWHMS

570 434 776 504 XOPOAE

608 548 684 619 (ste
702 545 756 617 αἱ)

270 633 318 708 σύ
342 636 413 732 μέν,
438 623 467 708 oi
489 635 609 732 πατρὶς
632 633 740 726 Ἰλιάς,
960 728 964 735 Ι
1118 646 1197 715 905

269 743 336 812 τῶν
359 735 562 832 tromper
585 737 683 827 πόλις
707 735 821 810 οὐκέτι
844 735 938 823 λέξει·

269 848 363 915 τοῖον
382 838 552 914 Ἑλλάνων
573 839 679 936 νέφος
702 837 792 934 άμφί
813 855 852 912 σι
875 835 1014 935 κρύπτει

271 944 348 1039 δορὶ
368 939 412 1041 δὴ
436 944 513 1040 dopl
535 942 672 1038 πέρσαν.

239 1135 264 1177 ν.
284 1125 334 1177 905
352 1142 412 1192 sqq.
446 1126 564 1179 Tametsi
575 1127 656 1177 multa
670 1135 754 1192 eraut,
778 1141 845 1194 qnae
859 1123 964 1175 excisae
979 1126 1082 1193 patriae
1096 1127 1193 1180 Troia·-

172 1209 219 1246 nas
235 1194 359 1244 mulieres
378 1194 551 1247 admonerent
571 1212 657 1263 neque
670 1195 842 1261 refrigescere
861 1195 962 1245 luctum
981 1211 1011 1244 ac
1031 1195 1191 1249 desiderium

170 1272 342 1330 paterentur:
367 1272 453 1313 tameo
473 1265 575 1315 nullum
595 1265 678 1314 maius
697 1264 844 1330 praesentis
862 1263 985 1313 fortunae
1006 1263 1193 1317 documentum

157 1331 363 1398 ,reperiebatur,
387 1349 465 1400 quam
484 1335 557 1401 quod
573 1333 623 1400 ipsi
644 1334 750 1400 reginae
767 1333 845 1398 louge
867 1332 1046 1398 gravissimam
1063 1335 1195 1387 mulorum

171 1410 276 1477 partem
295 1400 499 1452 exhauriendam
516 1403 651 1453 ridebant.
691 1401 744 1451 Sed
763 1419 844 1468 quum
864 1418 911 1451 sua
930 1411 1024 1466 sponte
1045 1419 1196 1457 maerorem

171 1469 286 1536 mptlvis
304 1469 490 1537 tristitiamque
500 1471 629 1529 ‚iniiceret
645 1469 792 1521 miserrima
803 1470 876 1519 urbis
891 1468 993 1530 clades,
1011 1479 1068 1521 tum
1081 1470 1132 1521 illa
1143 1474 1197 1524 mi·

172 1553 232 1607 rum
249 1537 276 1588 in
300 1539 409 1588 modum
426 1540 594 1591 excruciabat
616 1540 779 1605 augebatque
804 1539 884 1589 animi
906 1537 1029 1598 dolorem
1056 1541 1197 1608 cogitatio,

173 1607 383 1675 quotiescunque
401 1618 501 1674 quanta
520 1627 551 1660 ex
573 1608 674 1659 laetitia
699 1607 798 1658 securis
817 1625 848 1658 ac
866 1607 928 1657 vino
948 1607 1086 1676 epulisque
1105 1610 1198 1661 disso-

172 1672 300 1726 lutis'illa
316 1676 511 1742 supervenisset
534 1678 668 1730 calamitas
690 1676 933 1727 reminiscerentur.
967 1676 1069 1742 quue,
1090 1688 1123 1729 ut
1140 1687 1197 1728 erat

173 1743 210 1792 ad
226 1745 430 1795 commovendos
443 1745 611 1798 miseratione
623 1746 726 1796 animos
740 1745 784 1795 vel
797 1746 908 1795 maxime
918 1744 1041 1808 idoneus,
1059 1748 1196 1812 praeclare

174 1809 306 1862 intellexit
322 1813 475 1881 Euripides,
499 1832 586 1882 neque
603 1814 684 1880 magis
703 1814 809 1863 caedem
826 1824 1010 1881 terroremque
1026 1823 1056 1864 et
1072 1815 1196 1867 incendia

174 1880 363 1931 exsultantium
381 1883 408 1932 in
430 1893 505 1949 capta
526 1885 590 1934 urbe
616 1883 733 1932 hostium
753 1900 830 1949 quam
849 1882 991 1932 iucundam
1017 1893 1108 1934 amoto
1130 1881 1196 1934 belli

174 1959 246 2000 metu
259 1950 354 1999 civium
373 1950 489 2019 quietem
504 1951 653 2018 descripsit.
689 1952 804 2011 Quarum
824 1968 914 2003 rerum
932 1952 1058 2002 memoria
1074 1952 1149 2018 fucit,
1167 1961 1196 2005 ut

173 2018 278 2071 acriore
291 2017 318 2068 iu
332 2028 374 2070 tot
385 2021 516 2072 malorum
528 2032 648 2072 auctores
661 2019 725 2071 odio
742 2019 839 2070 chorus
852 2019 987 2083 incitetur,
1006 2030 1040 2086 et,
1059 2020 1106 2088 qni
1124 2030 1194 2072 tanta

174 2103 222 2154 spe
240 2087 332 2138 salutis
348 2105 407 2137 eum
428 2091 587 2155 deiecerant,
606 2089 726 2139 Paridem
744 2098 771 2138 et
784 2089 913 2138 Helenam
928 2089 992 2139 diris
1008 2089 1147 2141 devoveat.
1161 2114 1192 2128 ·-

174 2156 244 2223 Sed,
266 2167 297 2206 ut
311 2156 345 2206 ad
362 2170 473 2209 metrum
489 2160 566 2210 huius
584 2158 707 2209 carminis
724 2158 867 2224 veniamus,
884 2168 997 2225 systema
1016 2168 1056 2207 est
1073 2173 1190 2213 versor·

175 2225 383 2292 Glyconeorum‚
402 2230 450 2279 sed
459 2228 488 2280 id
502 2247 534 2279 ex
546 2245 620 2278 more
635 2227 769 2293 Euripidis
786 2227 878 2294 paullo
892 2226 1001 2276 liberius
1019 2227 1192 2342 eoquositum

174 2303 204 2344 ct
222 2303 252 2343 ut
265 2295 396 2360 primitiva
409 2297 497 2347 forma
512 2314 602 2347 versus
616 2295 748 2361 Glyconei
761 2312 889 2362 nusquam
902 2303 1035 2360 appareat.
1092 2311 1135 2343 arn
1149 2309 1197 2361 pte
1295 2357 1296 2361 Ἰ

175 2361 293 2414 basiant
310 2365 442 2416 enacrusis
459 2376 516 2430 est,
540 2375 571 2417 ut
582 2383 607 2417 ν.
622 2365 689 2427 911,
714 2374 761 2416 aut
777 2365 845 2415 duae
859 2364 960 2429 breves,
978 2370 1007 2410 ut
1020 2377 1046 2410 v.
1062 2361 1122 2412 905.
1137 2360 1201 2413 909.

208 2499 234 2533 v.
250 2481 310 2534 906.
344 2479 454 2550 λέξει]
484 2482 608 2544 Passive,
630 2491 663 2533 ut
711 2500 752 2550 ap.
765 2477 943 2533 scheexrv.
958 2494 985 2544 p.
1002 2476 1062 2528 622.
1073 2478 1105 2526 D.
1119 2486 1152 2528 ut
1165 2494 1202 2529 ex

175 2552 249 2620 apud
266 2551 369 2620 Soph.
385 2553 451 2604 Oed.
466 2553 524 2603 Col.
540 2553 622 2605 1186:
642 2547 661 2605 il
710 2554 745 2602 H.
761 2549 887 2618 Stephani
903 2546 984 2598 Thes.
1000 2550 1021 2596 Ι.
1038 2562 1066 2612 p.
1083 2547 1146 2601 150.
1168 2549 1200 2600 B.

173 2618 212 2690 μή
225 2636 271 2675 σοι
281 2617 460 2693 ξυμφέρονται
472 2619 588 2686 λέξεται.
607 2621 662 2672 No·
710 2621 815 2672 monuit
827 2616 954 2668 Matthi
963 2632 976 2664 a
985 2632 1059 2697 eus,

176 2687 374 2742 strihlc.822:
394 2685 662 2751 άλλόιιέτιίἰέντοῖς
744 2706 769 2739 v.
787 2688 848 2738 913.
878 2682 1002 2738 οάιιέτι
1030 2698 1046 2735 o
1084 2676 1200 2751 ἔμβοιὸ

175 2752 268 2813 νάκέτ’
289 2748 351 2812 orior
369 2756 491 2827 λέξομαι,
509 2768 536 2809 et
557 2777 661 2826 semper
710 2752 842 2820 νεύσω]
861 2753 984 2835 1151595.
1002 2752 1084 2833 199οτ
1109 2746 1200 2832 ἐμβά-

175 2827 248 2896 apud
265 2829 408 2895 Tragicos,
432 2838 557 2879 monente
576 2830 662 2878 Por·
710 2824 807 2876 τεῦσαι
830 2825 922 2873 πολιν.
959 2822 1084 2870 Genrtrro
1109 2828 1201 2904 runqrp

177 2915 262 2948 sono
275 2899 309 2948 ad
320 2898 418 2949 llecub.
427 2897 487 2950 979.
498 2899 661 2964 Quanquam,
711 2891 907 2960 Sophocles
922 2889 988 2939 Oed.
1003 2889 1036 2939 T.
1049 2887 1116 2938 825:
1132 2906 1191 2955 μην

177 2966 660 3032 sidehaeferumuudiashppsr.
711 2958 875 3032 ἐμβατεύειν
893 2958 1048 3029 πατρίδος,
1072 2956 1121 3006 ubi
1143 2957 1200 3011 vid.
1273 2968 1276 2979 '

177 3036 211 3086 ad
220 3036 356 3087 Demosth.
368 3037 399 3086 T.
410 3037 429 3084 1.
439 3036 530 3100 pseu,
548 3035 661 3100 genuina
711 3030 854 3082 Brunck.

175 3103 241 3155 haee
264 3115 304 3154 est
324 3103 482 3169 simplicium
500 3103 600 3168 passivi
615 3102 661 3150 su·
690 3119 692 3129 ·
745 3118 769 3150 v.
782 3100 841 3151 914.
857 3091 1110 3165 μεσονύκτιος]
1126 3093 1200 3144 Idem

174 3181 295 3223 turorum
312 3173 414 3233 forma,
433 3182 459 3221 et
474 3170 621 3230 falluntur,
639 3169 663 3219 si
710 3178 815 3236 tempus
835 3166 981 3232 designavit
995 3181 1091 3232 parvae
1108 3163 1199 3213 lliudis

176 3239 223 3309 qui
237 3250 283 3290 aut
294 3240 346 3291 hoc
361 3251 405 3290 aut
419 3240 471 3289 alia
483 3239 601 3289 eiusdem
613 3255 663 3303 ge·
712 3233 1019 3303 scriptorapudSchol.:
1032 3228 1142 3297 νάξμὲν

176 3309 247 3360 ueris
256 3308 496 3360 futuramediiesse
504 3307 663 3357 existimant.
711 3303 807 3374 μέσση,
816 3300 929 3373 λαμπρὰ
942 3297 967 3356 δ’
981 3298 1106 3356 ἐπέτελλε
1123 3304 1198 3367 utiq·

210 3394 235 3427 v.
261 3377 320 3429 907.
356 3379 459 3430 τοῖον
485 3371 663 3427 Ἑλλάνων
712 3394 758 3443 νη,
776 3375 847 3424 unde
864 3375 1028 3438 collegerunt
1042 3379 1146 3436 captam
1157 3385 1196 3420 ur·

176 3441 305 3514 νέφος]
323 3447 362 3497 De
376 3444 564 3496 sententiarum
579 3440 663 3512 copu-
713 3444 773 3494 bem
796 3437 884 3511 ὀγδόῃ
907 3441 1078 3508 entreceur:
1110 3453 1199 3488 meuse

175 3514 315 3566 landarum
339 3515 443 3566 ratione
471 3514 601 3564 monitum
622 3520 664 3562 est
713 3523 800 3565 autem
811 3511 989 3575 Thurgelione
1003 3524 1060 3556 earn
1074 3524 1131 3557 rem
1144 3523 1201 3558 eve·

177 3583 212 3634 ad
219 3583 291 3635 Med.
305 3601 329 3635 v.
344 3584 404 3636 718.
419 3582 502 3633 Andr.
514 3583 594 3633 1073:
610 3577 664 3635 ονίι
713 3583 784 3632 nisse
803 3589 909 3646 praeter
932 3575 1200 3640 Callisthenem,

176 3648 235 3707 ἔστι
247 3668 292 3705 σοι
304 3657 373 3714 παῖς
384 3647 497 3716 παιδός,
506 3648 544 3712 uie
555 3647 663 3721 μάθῃς,
714 3666 792 3717 quem
811 3648 903 3697 laudat
922 3644 1031 3706 Schoh,
1057 3644 1201 3696 memoriae

177 3718 258 3792 piper
269 3723 298 3775 Π
314 3723 371 3776 λοῦ·
383 3716 497 3782 sordetis
510 3717 665 3788 φασγάνων
713 3716 890 3786 prodiderunt
906 3712 1043 3781 Ephorus,
1063 3715 1200 3764 Damastes

166 3741 364 3858 „mlqucixsu
401 3788 501 3857 Νέφος
519 3791 552 3840 de
570 3790 664 3840 multi·
713 3796 742 3837 et
757 3783 937 3850 Phylarchus,
963 3791 1032 3833 teste
1054 3782 1201 3837 Plutar-

177 3860 269 3911 tudiue
281 3862 369 3928 posuit
379 3862 403 3910 H
411 3879 426 3911 o
435 3878 511 3910 mer.
520 3859 550 3908 11.
561 3859 587 3919 d,
596 3853 661 3909 274:
714 3853 752 3904 ch
761 3873 776 3904 o
789 3854 822 3903 V.
832 3853 934 3903 Camill.
950 3868 972 3903 c.
989 3851 1030 3902 19.
1043 3850 1201 3918 cl'.Diouys.

177 3921 239 3997 ripa
252 3928 283 3982 δὲ
294 3928 381 3997 νέφος
400 3929 493 3982 εἵπετο
508 3927 608 3990 πεζῶν.
627 3925 664 3975 cf.
715 3921 776 3973 Hal.
792 3923 823 3972 A.
836 3923 901 3986 11.1,
918 3922 959 3974 63.
980 3919 1044 3985 ibiq.
1059 3918 1201 3970 Gasaub.
1304 3917 1305 3924 ’

179 4014 211 4063 u,
224 3999 268 4051 66.
289 4017 315 4068 q,
329 4001 389 4050 243.
408 4001 482 4049 Eur.
496 3993 665 4047 Phocaeot.
715 3990 887 4057 Virgilius
900 3995 966 4042 Aen.
979 3989 1012 4054 11,
1026 3988 1092 4069 268:
1118 3999 1202 4069 tepr-

178 4067 313 4120 lacobs.
325 4062 666 4131 adunus.cr.1,1.p.233.
716 4077 779 4128 pus
799 4071 883 4122 erat,
900 4077 966 4128 quo
986 4072 1092 4123 prima
1110 4072 1202 4124 qures
1304 4119 1305 4130 γ

211 4155 237 4189 v.
253 4137 313 4189 911.
337 4135 506 4200 eleetos,
531 4141 561 4182 ut
584 4130 611 4181 h.
632 4130 664 4193 1.,
713 4129 922 4180 mortalibus
940 4125 1053 4191 aegris
1070 4122 1202 4190 lneiplt

170 4223 224 4272 pro
260 4205 428 4257 substantivo
467 4201 558 4270 posuit
592 4199 664 4266 Ly·
715 4198 859 4250 etdono
883 4197 1000 4248 divom
1024 4191 1203 4261 gratissi-

163 4275 285 4344 cophe
298 4276 344 4330 55.
360 4285 389 4328 et
407 4277 524 4328 semus
542 4267 670 4324 Delius
718 4285 771 4322 ma
787 4264 909 4336 serpit.

554 4405 559 4439 l
