<?xml version="1.0" encoding="UTF-8"?>
<!DOCTYPE html PUBLIC "-//W3C//DTD XHTML 1.0 Transitional//EN"
    "http://www.w3.org/TR/xhtml1/DTD/xhtml1-transitional.dtd">
<html xmlns="http://www.w3.org/1999/xhtml" xml:lang="en" lang="en">
 <head>
  <title>
</title>
<meta http-equiv="Content-Type" content="text/html;charset=utf-8" />
  <meta name='ocr-system' content='tesseract 3.04.00' />
  <meta name='ocr-capabilities' content='ocr_page ocr_carea ocr_par ocr_line ocrx_word'/>
</head>
<body>
  <div class='ocr_page' id='page_1' title='image "./euripidistragoe00weckgoog_0167.png"; bbox 0 0 2610 4546; ppageno 0'>
   <div class='ocr_carea' id='block_1_1' title="bbox 528 242 807 329">
    <p class='ocr_par' dir='ltr' id='par_1_1' title="bbox 528 242 807 329">
     <span class='ocr_line' id='line_1_1' title="bbox 528 242 807 329; baseline -0.007 -24"><span class='ocrx_word' id='word_1_1' title='bbox 528 242 807 329; x_wconf 79' lang='grc' dir='ltr'>ιιυιιιειιιιεΙ</span> 
     </span>
    </p>
   </div>
   <div class='ocr_carea' id='block_1_2' title="bbox 291 834 1053 1025">
    <p class='ocr_par' dir='ltr' id='par_1_2' title="bbox 291 834 1053 1025">
     <span class='ocr_line' id='line_1_2' title="bbox 291 834 1053 1025; baseline -0.01 -30"><span class='ocrx_word' id='word_1_2' title='bbox 291 901 297 919; x_wconf 86' lang='grc'><strong>’</strong></span> <span class='ocrx_word' id='word_1_3' title='bbox 382 906 970 1025; x_wconf 71' lang='grc' dir='ltr'><strong><em>υΠοουΣιΣ</em></strong></span> <span class='ocrx_word' id='word_1_4' title='bbox 1023 834 1053 987; x_wconf 62' lang='lat' dir='ltr'>s</span> 
     </span>
    </p>
   </div>
   <div class='ocr_carea' id='block_1_3' title="bbox 42 1085 1165 3779">
    <p class='ocr_par' dir='ltr' id='par_1_3' title="bbox 42 1085 1165 3750">
     <span class='ocr_line' id='line_1_3' title="bbox 141 1085 1162 1251; baseline 0.003 -58"><span class='ocrx_word' id='word_1_5' title='bbox 141 1085 269 1193; x_wconf 84' lang='grc' dir='ltr'><em>Μ</em></span> <span class='ocrx_word' id='word_1_6' title='bbox 219 1149 274 1195; x_wconf 94' lang='grc' dir='ltr'>ετα</span> <span class='ocrx_word' id='word_1_7' title='bbox 298 1120 361 1219; x_wconf 77' lang='grc' dir='ltr'>τὴν</span> <span class='ocrx_word' id='word_1_8' title='bbox 381 1123 504 1250; x_wconf 69' lang='grc' dir='ltr'><strong><em>Τροίης</em></strong></span> <span class='ocrx_word' id='word_1_9' title='bbox 519 1117 680 1194; x_wconf 84' lang='grc' dir='ltr'><strong><em>άλοισιν”</em></strong></span> <span class='ocrx_word' id='word_1_10' title='bbox 656 1149 794 1215; x_wconf 86' lang='grc' dir='ltr'><strong><em>αραντες</em></strong></span> <span class='ocrx_word' id='word_1_11' title='bbox 808 1122 841 1195; x_wconf 84' lang='grc' dir='ltr'>ολ</span> <span class='ocrx_word' id='word_1_12' title='bbox 852 1106 1014 1219; x_wconf 81' lang='grc' dir='ltr'><strong><em>Ἕλληνες</em></strong></span> <span class='ocrx_word' id='word_1_13' title='bbox 1026 1124 1162 1251; x_wconf 83' lang='grc' dir='ltr'><strong><em>καθωρ-</em></strong></span> 
     </span>
     <span class='ocr_line' id='line_1_4' title="bbox 141 1215 1165 1352; baseline 0 -56"><span class='ocrx_word' id='word_1_14' title='bbox 141 1227 314 1352; x_wconf 78' lang='lat'>66666660</span> <span class='ocrx_word' id='word_1_15' title='bbox 336 1225 371 1296; x_wconf 79' lang='grc' dir='ltr'>ἐν</span> <span class='ocrx_word' id='word_1_16' title='bbox 391 1230 433 1351; x_wconf 74' lang='grc' dir='ltr'>τῇ</span> <span class='ocrx_word' id='word_1_17' title='bbox 455 1221 631 1349; x_wconf 72' lang='grc' dir='ltr'><em>ἀντιπέραν</em></span> <span class='ocrx_word' id='word_1_18' title='bbox 645 1222 854 1351; x_wconf 73' lang='grc' dir='ltr'><strong><em>Χεῤῥονήρφ</em></strong></span> <span class='ocrx_word' id='word_1_19' title='bbox 869 1230 930 1322; x_wconf 79' lang='grc' dir='ltr'><strong><em>τῆς</em></strong></span> <span class='ocrx_word' id='word_1_20' title='bbox 950 1215 1148 1352; x_wconf 80' lang='grc' dir='ltr'><em>Θρᾴκης,</em></span> <span class='ocrx_word' id='word_1_21' title='bbox 1123 1254 1165 1324; x_wconf 85' lang='grc' dir='ltr'>ης</span> 
     </span>
     <span class='ocr_line' id='line_1_5' title="bbox 144 1315 1164 1422; baseline 0.002 -25"><span class='ocrx_word' id='word_1_22' title='bbox 144 1316 506 1422; x_wconf 48' lang='grc' dir='ltr'><strong><em>Πολυμήστωρῗηρχεν·</em></strong></span> <span class='ocrx_word' id='word_1_23' title='bbox 521 1315 624 1422; x_wconf 85' lang='lat'>0666</span> <span class='ocrx_word' id='word_1_24' title='bbox 639 1327 696 1396; x_wconf 85' lang='grc' dir='ltr'><strong><em>καλ</em></strong></span> <span class='ocrx_word' id='word_1_25' title='bbox 709 1325 907 1421; x_wconf 70' lang='grc' dir='ltr'><strong><em>κενοτάφιον</em></strong></span> <span class='ocrx_word' id='word_1_26' title='bbox 921 1325 1069 1420; x_wconf 71' lang='lat'>666666’</span> <span class='ocrx_word' id='word_1_27' title='bbox 1062 1333 1164 1420; x_wconf 85' lang='grc' dir='ltr'><strong><em>Αχιλ-</em></strong></span> 
     </span>
     <span class='ocr_line' id='line_1_6' title="bbox 42 1424 1163 1556; baseline 0 -57"><span class='ocrx_word' id='word_1_28' title='bbox 42 1458 47 1466; x_wconf 93' lang='grc'><strong><em>·</em></strong></span> <span class='ocrx_word' id='word_1_29' title='bbox 139 1432 192 1499; x_wconf 85' lang='grc' dir='ltr'><strong><em>λεῖ</em></strong></span> <span class='ocrx_word' id='word_1_30' title='bbox 213 1427 370 1556; x_wconf 80' lang='lat' dir='ltr'>60T6066</span> <span class='ocrx_word' id='word_1_31' title='bbox 384 1428 529 1522; x_wconf 90' lang='grc' dir='ltr'><strong><em>ταφέντι.</em></strong></span> <span class='ocrx_word' id='word_1_32' title='bbox 582 1429 868 1552; x_wconf 74' lang='grc' dir='ltr'><strong><em>θιατρίθαντεςθὲ</em></strong></span> <span class='ocrx_word' id='word_1_33' title='bbox 832 1424 991 1501; x_wconf 71' lang='grc' dir='ltr'>θὲέιιεῐι</span> <span class='ocrx_word' id='word_1_34' title='bbox 971 1456 1016 1555; x_wconf 88' lang='grc' dir='ltr'><em>ημ</em></span> <span class='ocrx_word' id='word_1_35' title='bbox 1017 1427 1163 1527; x_wconf 77' lang='grc' dir='ltr'><strong><em>έραςάή</em></strong></span> 
     </span>
     <span class='ocr_line' id='line_1_7' title="bbox 138 1517 1164 1657; baseline 0.003 -57"><span class='ocrx_word' id='word_1_36' title='bbox 138 1555 241 1616; x_wconf 86' lang='grc' dir='ltr'><strong><em>τινας,</em></strong></span> <span class='ocrx_word' id='word_1_37' title='bbox 267 1520 367 1628; x_wconf 42' lang='grc' dir='ltr'>ἐφ’,ἴ</span> <span class='ocrx_word' id='word_1_38' title='bbox 339 1558 366 1600; x_wconf 85' lang='grc' dir='ltr'>ω</span> <span class='ocrx_word' id='word_1_39' title='bbox 379 1527 421 1600; x_wconf 89' lang='grc' dir='ltr'>τά</span> <span class='ocrx_word' id='word_1_40' title='bbox 435 1525 550 1600; x_wconf 66' lang='grc' dir='ltr'><strong><em>αὐτοῖν</em></strong></span> <span class='ocrx_word' id='word_1_41' title='bbox 572 1555 612 1600; x_wconf 91' lang='grc' dir='ltr'><strong><em>ευ</em></strong></span> <span class='ocrx_word' id='word_1_42' title='bbox 598 1517 872 1657; x_wconf 41' lang='grc' dir='ltr'><strong><em>ἴθιαθήσονται,</em></strong></span> <span class='ocrx_word' id='word_1_43' title='bbox 885 1530 953 1601; x_wconf 81' lang='lat'>6666</span> <span class='ocrx_word' id='word_1_44' title='bbox 970 1527 1164 1628; x_wconf 74' lang='grc' dir='ltr'><strong><em>ἀναχθήσε-</em></strong></span> 
     </span>
     <span class='ocr_line' id='line_1_8' title="bbox 140 1602 1162 1758; baseline 0.005 -57"><span class='ocrx_word' id='word_1_45' title='bbox 140 1639 224 1701; x_wconf 85' lang='grc' dir='ltr'><strong><em>σθαι</em></strong></span> <span class='ocrx_word' id='word_1_46' title='bbox 246 1602 389 1722; x_wconf 72' lang='grc' dir='ltr'><strong><em>ἔμελλον,</em></strong></span> <span class='ocrx_word' id='word_1_47' title='bbox 415 1626 574 1758; x_wconf 75' lang='grc' dir='ltr'><strong><em>φανέν</em></strong></span> <span class='ocrx_word' id='word_1_48' title='bbox 538 1656 577 1701; x_wconf 91' lang='grc' dir='ltr'>το</span> <span class='ocrx_word' id='word_1_49' title='bbox 598 1636 662 1702; x_wconf 83' lang='grc' dir='ltr'>τοῦ</span> <span class='ocrx_word' id='word_1_50' title='bbox 678 1627 847 1723; x_wconf 74' lang='grc' dir='ltr'>Ἀχιλλέως</span> <span class='ocrx_word' id='word_1_51' title='bbox 870 1627 1007 1704; x_wconf 79' lang='grc' dir='ltr'><strong><em>εἴδωλον</em></strong></span> <span class='ocrx_word' id='word_1_52' title='bbox 1026 1631 1079 1702; x_wconf 85' lang='lat'>666</span> <span class='ocrx_word' id='word_1_53' title='bbox 1095 1637 1162 1706; x_wconf 80' lang='grc' dir='ltr'><strong><em>ταῦ</em></strong></span> 
     </span>
     <span class='ocr_line' id='line_1_9' title="bbox 141 1728 1161 1829; baseline 0.005 -29"><span class='ocrx_word' id='word_1_54' title='bbox 141 1729 255 1823; x_wconf 88' lang='grc' dir='ltr'><strong><em>τάφου</em></strong></span> <span class='ocrx_word' id='word_1_55' title='bbox 269 1731 381 1824; x_wconf 75' lang='grc' dir='ltr'><strong><em>ἐπέσχε</em></strong></span> <span class='ocrx_word' id='word_1_56' title='bbox 396 1728 479 1818; x_wconf 78' lang='grc' dir='ltr'><strong><em>τούς</em></strong></span> <span class='ocrx_word' id='word_1_57' title='bbox 491 1728 698 1823; x_wconf 81' lang='grc' dir='ltr'><strong><em>Ἀχαιούς</em></strong></span> <span class='ocrx_word' id='word_1_58' title='bbox 656 1759 716 1826; x_wconf 89' lang='grc' dir='ltr'>της</span> <span class='ocrx_word' id='word_1_59' title='bbox 730 1730 910 1828; x_wconf 75' lang='grc' dir='ltr'><strong><em>ἀναγωγῆς,</em></strong></span> <span class='ocrx_word' id='word_1_60' title='bbox 931 1735 1048 1805; x_wconf 79' lang='grc' dir='ltr'><strong><em>αἰτοῦν</em></strong></span> <span class='ocrx_word' id='word_1_61' title='bbox 1060 1734 1161 1829; x_wconf 89' lang='grc' dir='ltr'><strong><em>γέρας</em></strong></span> 
     </span>
     <span class='ocr_line' id='line_1_10' title="bbox 142 1828 1162 1959; baseline 0.006 -58"><span class='ocrx_word' id='word_1_62' title='bbox 142 1828 234 1931; x_wconf 79' lang='grc' dir='ltr'><strong><em>αὐτφ</em></strong></span> <span class='ocrx_word' id='word_1_63' title='bbox 220 1836 397 1928; x_wconf 79' lang='lat'>6066660</span> <span class='ocrx_word' id='word_1_64' title='bbox 412 1828 477 1928; x_wconf 77' lang='grc' dir='ltr'>τήν</span> <span class='ocrx_word' id='word_1_65' title='bbox 493 1834 597 1903; x_wconf 89' lang='lat'>66666</span> <span class='ocrx_word' id='word_1_66' title='bbox 606 1831 774 1959; x_wconf 81' lang='grc' dir='ltr'><em>Πριάμου</em></span> <span class='ocrx_word' id='word_1_67' title='bbox 789 1831 1060 1958; x_wconf 80' lang='grc' dir='ltr'><em>Πολυξένην,</em></span> <span class='ocrx_word' id='word_1_68' title='bbox 1022 1863 1084 1931; x_wconf 91' lang='grc' dir='ltr'>την</span> <span class='ocrx_word' id='word_1_69' title='bbox 1103 1836 1162 1907; x_wconf 84' lang='lat'>606</span> 
     </span>
     <span class='ocr_line' id='line_1_11' title="bbox 61 1930 1162 2035; baseline 0.007 -32"><span class='ocrx_word' id='word_1_70' title='bbox 61 1956 72 1966; x_wconf 84' lang='lat'>·</span> <span class='ocrx_word' id='word_1_71' title='bbox 139 1932 301 2026; x_wconf 75' lang='grc' dir='ltr'><strong><em>πρότερον</em></strong></span> <span class='ocrx_word' id='word_1_72' title='bbox 321 1940 603 2030; x_wconf 84' lang='grc' dir='ltr'><strong><em>νατεγγυηθεῖσαν</em></strong></span> <span class='ocrx_word' id='word_1_73' title='bbox 629 1930 720 2035; x_wconf 74' lang='grc' dir='ltr'><strong><em>αὐτῷ</em></strong></span> <span class='ocrx_word' id='word_1_74' title='bbox 740 1931 811 2007; x_wconf 88' lang='lat'>060</span> <span class='ocrx_word' id='word_1_75' title='bbox 822 1962 885 2008; x_wconf 93' lang='grc' dir='ltr'>του</span> <span class='ocrx_word' id='word_1_76' title='bbox 898 1933 1033 2030; x_wconf 76' lang='grc' dir='ltr'><strong><em>πατρός,</em></strong></span> <span class='ocrx_word' id='word_1_77' title='bbox 1059 1933 1143 2008; x_wconf 78' lang='lat'>66³³</span> <span class='ocrx_word' id='word_1_78' title='bbox 1115 1965 1162 2034; x_wconf 87' lang='grc' dir='ltr'><em>ην</em></span> 
     </span>
     <span class='ocr_line' id='line_1_12' title="bbox 139 2005 1162 2161; baseline 0.007 -56"><span class='ocrx_word' id='word_1_79' title='bbox 139 2031 240 2160; x_wconf 82' lang='lat'>666³</span> <span class='ocrx_word' id='word_1_80' title='bbox 219 2030 290 2123; x_wconf 88' lang='lat'>066</span> <span class='ocrx_word' id='word_1_81' title='bbox 308 2035 460 2161; x_wconf 62' lang='grc' dir='ltr'><strong><em>Πάριρλος</em></strong></span> <span class='ocrx_word' id='word_1_82' title='bbox 481 2035 538 2106; x_wconf 83' lang='grc' dir='ltr'><strong><em>καλ</em></strong></span> <span class='ocrx_word' id='word_1_83' title='bbox 555 2005 737 2130; x_wconf 73' lang='grc' dir='ltr'>Αηϊφόβάυ</span> <span class='ocrx_word' id='word_1_84' title='bbox 755 2035 926 2127; x_wconf 80' lang='grc' dir='ltr'><strong><em>τοξευθεὶς</em></strong></span> <span class='ocrx_word' id='word_1_85' title='bbox 942 2032 1128 2127; x_wconf 73' lang='grc' dir='ltr'><strong><em>ὅλωλεν,”</em></strong></span> <span class='ocrx_word' id='word_1_86' title='bbox 1106 2066 1162 2112; x_wconf 86' lang='grc' dir='ltr'><strong><em>οτε</em></strong></span> 
     </span>
     <span class='ocr_line' id='line_1_13' title="bbox 138 2116 1161 2264; baseline 0.007 -58"><span class='ocrx_word' id='word_1_87' title='bbox 138 2132 199 2224; x_wconf 86' lang='grc' dir='ltr'><strong><em>τάς</em></strong></span> <span class='ocrx_word' id='word_1_88' title='bbox 216 2116 334 2264; x_wconf 69' lang='grc' dir='ltr'><strong><em>έγγάας</em></strong></span> <span class='ocrx_word' id='word_1_89' title='bbox 347 2134 457 2260; x_wconf 78' lang='grc' dir='ltr'><strong><em>πρὸς</em></strong></span> <span class='ocrx_word' id='word_1_90' title='bbox 449 2143 569 2262; x_wconf 75' lang='lat'>006606</span> <span class='ocrx_word' id='word_1_91' title='bbox 589 2143 743 2233; x_wconf 78' lang='grc' dir='ltr'><em>πληροῦν</em></span> <span class='ocrx_word' id='word_1_92' title='bbox 759 2140 867 2231; x_wconf 83' lang='grc' dir='ltr'><strong><em>έμελλε</em></strong></span> <span class='ocrx_word' id='word_1_93' title='bbox 884 2140 1050 2234; x_wconf 85' lang='grc' dir='ltr'><strong><em>Πρίαμος.</em></strong></span> <span class='ocrx_word' id='word_1_94' title='bbox 1074 2136 1161 2213; x_wconf 83' lang='grc' dir='ltr'>Ἕλ-</span> 
     </span>
     <span class='ocr_line' id='line_1_14' title="bbox 139 2226 1162 2359; baseline 0.007 -53"><span class='ocrx_word' id='word_1_95' title='bbox 139 2239 284 2332; x_wconf 88' lang='grc' dir='ltr'><strong><em>ληνες</em></strong></span> <span class='ocrx_word' id='word_1_96' title='bbox 250 2264 309 2326; x_wconf 83' lang='grc' dir='ltr'><strong><em>μεν</em></strong></span> <span class='ocrx_word' id='word_1_97' title='bbox 328 2226 403 2359; x_wconf 83' lang='lat'>666,</span> <span class='ocrx_word' id='word_1_98' title='bbox 430 2227 476 2306; x_wconf 73' lang='grc' dir='ltr'>ὧν</span> <span class='ocrx_word' id='word_1_99' title='bbox 490 2265 530 2306; x_wconf 88' lang='grc' dir='ltr'><strong><em>ευ</em></strong></span> <span class='ocrx_word' id='word_1_100' title='bbox 517 2228 709 2307; x_wconf 84' lang='lat'>666600³</span> <span class='ocrx_word' id='word_1_101' title='bbox 687 2235 748 2308; x_wconf 86' lang='lat'>06&#39;</span> <span class='ocrx_word' id='word_1_102' title='bbox 760 2237 872 2309; x_wconf 71' lang='grc' dir='ltr'><strong><em>αὐτοῦ</em></strong></span> <span class='ocrx_word' id='word_1_103' title='bbox 885 2243 1082 2333; x_wconf 83' lang='grc' dir='ltr'><strong><em>μεμνημένοι</em></strong></span> <span class='ocrx_word' id='word_1_104' title='bbox 1102 2245 1162 2315; x_wconf 84' lang='grc' dir='ltr'><strong><em>καλ</em></strong></span> 
     </span>
     <span class='ocr_line' id='line_1_15' title="bbox 137 2331 1159 2428; baseline 0.003 -22"><span class='ocrx_word' id='word_1_105' title='bbox 137 2342 290 2425; x_wconf 78' lang='grc' dir='ltr'><strong><em>τιμῶντες</em></strong></span> <span class='ocrx_word' id='word_1_106' title='bbox 312 2332 374 2427; x_wconf 78' lang='grc' dir='ltr'>τὴν</span> <span class='ocrx_word' id='word_1_107' title='bbox 397 2331 515 2428; x_wconf 78' lang='grc' dir='ltr'><strong><em>άρετὴν</em></strong></span> <span class='ocrx_word' id='word_1_108' title='bbox 536 2361 599 2403; x_wconf 92' lang='grc' dir='ltr'>του</span> <span class='ocrx_word' id='word_1_109' title='bbox 585 2333 758 2426; x_wconf 80' lang='grc' dir='ltr'><strong><em>άνιλρός,</em></strong></span> <span class='ocrx_word' id='word_1_110' title='bbox 799 2337 907 2428; x_wconf 77' lang='lat'>66666</span> <span class='ocrx_word' id='word_1_111' title='bbox 905 2355 1006 2407; x_wconf 93' lang='grc' dir='ltr'><strong><em>σαντο</em></strong></span> <span class='ocrx_word' id='word_1_112' title='bbox 1028 2339 1159 2426; x_wconf 79' lang='grc' dir='ltr'><strong><em>σφάξαι</em></strong></span> 
     </span>
     <span class='ocr_line' id='line_1_16' title="bbox 136 2430 1160 2564; baseline 0.004 -58"><span class='ocrx_word' id='word_1_113' title='bbox 136 2433 200 2561; x_wconf 73' lang='grc' dir='ltr'>την</span> <span class='ocrx_word' id='word_1_114' title='bbox 215 2431 415 2562; x_wconf 81' lang='grc' dir='ltr'><em>Πολυξένην</em></span> <span class='ocrx_word' id='word_1_115' title='bbox 435 2434 487 2505; x_wconf 86' lang='grc' dir='ltr'><strong><em>έττλ</em></strong></span> <span class='ocrx_word' id='word_1_116' title='bbox 510 2439 557 2532; x_wconf 77' lang='grc' dir='ltr'>τῷ</span> <span class='ocrx_word' id='word_1_117' title='bbox 575 2431 672 2558; x_wconf 79' lang='grc' dir='ltr'><strong><em>τάφῳ</em></strong></span> <span class='ocrx_word' id='word_1_118' title='bbox 697 2439 762 2505; x_wconf 79' lang='grc' dir='ltr'>τοῦ</span> <span class='ocrx_word' id='word_1_119' title='bbox 782 2430 902 2564; x_wconf 77' lang='grc' dir='ltr'><strong><em>ἥρωος.</em></strong></span> <span class='ocrx_word' id='word_1_120' title='bbox 922 2436 1100 2561; x_wconf 75' lang='lat'>6666660</span> <span class='ocrx_word' id='word_1_121' title='bbox 1119 2439 1160 2510; x_wconf 85' lang='lat'>66</span> 
     </span>
     <span class='ocr_line' id='line_1_17' title="bbox 138 2504 1159 2666; baseline -0.001 -57"><span class='ocrx_word' id='word_1_122' title='bbox 138 2534 199 2610; x_wconf 89' lang='grc' dir='ltr'>τὸν</span> <span class='ocrx_word' id='word_1_123' title='bbox 202 2537 370 2666; x_wconf 83' lang='grc' dir='ltr'>Λαέρτου</span> <span class='ocrx_word' id='word_1_124' title='bbox 382 2504 554 2607; x_wconf 76' lang='grc' dir='ltr'><strong><em>Ὀδυσσέα</em></strong></span> <span class='ocrx_word' id='word_1_125' title='bbox 569 2531 654 2625; x_wconf 77' lang='grc' dir='ltr'><strong><em>πρὸς</em></strong></span> <span class='ocrx_word' id='word_1_126' title='bbox 667 2533 728 2632; x_wconf 83' lang='grc' dir='ltr'>τὴν</span> <span class='ocrx_word' id='word_1_127' title='bbox 745 2537 868 2658; x_wconf 84' lang='grc' dir='ltr'><strong><em>μητέρα</em></strong></span> <span class='ocrx_word' id='word_1_128' title='bbox 885 2532 991 2633; x_wconf 79' lang='grc' dir='ltr'><strong><em>αὐτῆς</em></strong></span> <span class='ocrx_word' id='word_1_129' title='bbox 991 2534 1159 2665; x_wconf 77' lang='grc' dir='ltr'><em>Ἑκάβην,</em></span> 
     </span>
     <span class='ocr_line' id='line_1_18' title="bbox 136 2634 1158 2764; baseline 0.002 -54"><span class='ocrx_word' id='word_1_130' title='bbox 136 2636 182 2727; x_wconf 78' lang='grc' dir='ltr'><strong><em>ὦς</em></strong></span> <span class='ocrx_word' id='word_1_131' title='bbox 197 2634 239 2709; x_wconf 84' lang='grc' dir='ltr'>άν</span> <span class='ocrx_word' id='word_1_132' title='bbox 252 2637 313 2735; x_wconf 81' lang='grc' dir='ltr'>τήν</span> <span class='ocrx_word' id='word_1_133' title='bbox 327 2666 360 2710; x_wconf 90' lang='grc' dir='ltr'><strong><em>τε</em></strong></span> <span class='ocrx_word' id='word_1_134' title='bbox 381 2637 552 2764; x_wconf 73' lang='grc' dir='ltr'><strong><em>πριρθένρν</em></strong></span> <span class='ocrx_word' id='word_1_135' title='bbox 566 2636 651 2730; x_wconf 79' lang='grc' dir='ltr'>λάβη</span> <span class='ocrx_word' id='word_1_136' title='bbox 663 2638 719 2708; x_wconf 87' lang='grc' dir='ltr'><strong><em>ιιαλ</em></strong></span> <span class='ocrx_word' id='word_1_137' title='bbox 742 2665 787 2737; x_wconf 81' lang='grc' dir='ltr'>τῳ</span> <span class='ocrx_word' id='word_1_138' title='bbox 773 2640 942 2739; x_wconf 81' lang='grc' dir='ltr'><strong><em>ττοικέλφ</em></strong></span> <span class='ocrx_word' id='word_1_139' title='bbox 961 2644 1026 2710; x_wconf 77' lang='grc' dir='ltr'>τῶν</span> <span class='ocrx_word' id='word_1_140' title='bbox 1038 2637 1158 2734; x_wconf 86' lang='grc' dir='ltr'><strong><em>λόγων,</em></strong></span> 
     </span>
     <span class='ocr_line' id='line_1_19' title="bbox 134 2709 1158 2867; baseline 0.002 -56"><span class='ocrx_word' id='word_1_141' title='bbox 134 2747 289 2827; x_wconf 85' lang='grc' dir='ltr'><strong><em>τοιοῦτος</em></strong></span> <span class='ocrx_word' id='word_1_142' title='bbox 314 2738 377 2862; x_wconf 69' lang='grc' dir='ltr'>γάρ</span> <span class='ocrx_word' id='word_1_143' title='bbox 396 2728 439 2862; x_wconf 83' lang='lat'>60</span> <span class='ocrx_word' id='word_1_144' title='bbox 461 2736 481 2811; x_wconf 88' lang='lat'>6</span> <span class='ocrx_word' id='word_1_145' title='bbox 508 2735 610 2835; x_wconf 78' lang='grc' dir='ltr'><em>άνήρ,</em></span> <span class='ocrx_word' id='word_1_146' title='bbox 642 2761 681 2811; x_wconf 81' lang='grc' dir='ltr'><strong><em>πε</em></strong></span> <span class='ocrx_word' id='word_1_147' title='bbox 685 2740 740 2832; x_wconf 86' lang='grc' dir='ltr'>έση</span> <span class='ocrx_word' id='word_1_148' title='bbox 751 2709 927 2836; x_wconf 87' lang='grc' dir='ltr'><em>Εκάβην</em></span> <span class='ocrx_word' id='word_1_149' title='bbox 923 2737 970 2837; x_wconf 80' lang='grc' dir='ltr'>μὴ</span> <span class='ocrx_word' id='word_1_150' title='bbox 984 2745 1158 2867; x_wconf 75' lang='grc' dir='ltr'><strong><em>δνςγεροῑς</em></strong></span> 
     </span>
     <span class='ocr_line' id='line_1_20' title="bbox 134 2831 1157 2970; baseline 0 -55"><span class='ocrx_word' id='word_1_151' title='bbox 134 2850 224 2936; x_wconf 86' lang='grc' dir='ltr'><strong><em>σχεῖν</em></strong></span> <span class='ocrx_word' id='word_1_152' title='bbox 243 2841 295 2913; x_wconf 86' lang='lat'>666</span> <span class='ocrx_word' id='word_1_153' title='bbox 317 2847 358 2936; x_wconf 77' lang='grc' dir='ltr'>τῇ</span> <span class='ocrx_word' id='word_1_154' title='bbox 372 2847 434 2970; x_wconf 70' lang='grc' dir='ltr'>της</span> <span class='ocrx_word' id='word_1_155' title='bbox 455 2837 575 2927; x_wconf 76' lang='grc' dir='ltr'><strong><em>παιδὸς</em></strong></span> <span class='ocrx_word' id='word_1_156' title='bbox 591 2837 793 2968; x_wconf 89' lang='grc' dir='ltr'><strong><em>άφαιρέσει</em></strong></span> <span class='ocrx_word' id='word_1_157' title='bbox 825 2831 998 2930; x_wconf 74' lang='grc' dir='ltr'><strong><em>ἐλθών</em></strong></span> <span class='ocrx_word' id='word_1_158' title='bbox 953 2869 1018 2914; x_wconf 92' lang='grc' dir='ltr'>ουν</span> <span class='ocrx_word' id='word_1_159' title='bbox 1031 2839 1157 2915; x_wconf 81' lang='lat'>&#39;0666-</span> 
     </span>
     <span class='ocr_line' id='line_1_21' title="bbox 137 2931 1157 3072; baseline 0.001 -55"><span class='ocrx_word' id='word_1_160' title='bbox 137 2942 220 3033; x_wconf 74' lang='grc' dir='ltr'><strong><em>σεύς</em></strong></span> <span class='ocrx_word' id='word_1_161' title='bbox 236 2943 298 3042; x_wconf 83' lang='grc' dir='ltr'>τήν</span> <span class='ocrx_word' id='word_1_162' title='bbox 318 2970 352 3016; x_wconf 88' lang='grc' dir='ltr'><strong><em>τε</em></strong></span> <span class='ocrx_word' id='word_1_163' title='bbox 373 2944 480 3040; x_wconf 79' lang='grc' dir='ltr'><em>κόρην</em></span> <span class='ocrx_word' id='word_1_164' title='bbox 495 2942 738 3072; x_wconf 75' lang='lat'>660616066660</span> <span class='ocrx_word' id='word_1_165' title='bbox 752 2931 849 3070; x_wconf 72' lang='lat'>6666</span> <span class='ocrx_word' id='word_1_166' title='bbox 866 2940 959 3040; x_wconf 78' lang='grc' dir='ltr'><strong><em>αυτῷ</em></strong></span> <span class='ocrx_word' id='word_1_167' title='bbox 972 2950 1032 3040; x_wconf 77' lang='grc' dir='ltr'><strong><em>τῆς</em></strong></span> <span class='ocrx_word' id='word_1_168' title='bbox 1046 2963 1157 3018; x_wconf 80' lang='grc' dir='ltr'><strong><em>σιτου-</em></strong></span> 
     </span>
     <span class='ocr_line' id='line_1_22' title="bbox 134 3042 1154 3172; baseline 0.001 -54"><span class='ocrx_word' id='word_1_169' title='bbox 134 3051 196 3142; x_wconf 77' lang='grc' dir='ltr'><strong><em>δῆς</em></strong></span> <span class='ocrx_word' id='word_1_170' title='bbox 216 3050 272 3172; x_wconf 79' lang='grc' dir='ltr'>αηλ</span> <span class='ocrx_word' id='word_1_171' title='bbox 295 3042 543 3118; x_wconf 74' lang='grc' dir='ltr'><strong><em>ττείθουσαν“</em></strong></span> <span class='ocrx_word' id='word_1_172' title='bbox 505 3071 566 3141; x_wconf 92' lang='grc' dir='ltr'>την</span> <span class='ocrx_word' id='word_1_173' title='bbox 586 3045 727 3141; x_wconf 85' lang='grc' dir='ltr'><strong><em>μητέρα,</em></strong></span> <span class='ocrx_word' id='word_1_174' title='bbox 762 3042 808 3132; x_wconf 60' lang='grc' dir='ltr'>οἷς</span> <span class='ocrx_word' id='word_1_175' title='bbox 822 3043 1046 3143; x_wconf 83' lang='grc' dir='ltr'><strong><em>τεθνήξεσθαι</em></strong></span> <span class='ocrx_word' id='word_1_176' title='bbox 1068 3053 1154 3139; x_wconf 82' lang='grc' dir='ltr'><strong><em>μάλ-</em></strong></span> 
     </span>
     <span class='ocr_line' id='line_1_23' title="bbox 134 3142 1155 3274; baseline 0.004 -57"><span class='ocrx_word' id='word_1_177' title='bbox 134 3153 195 3218; x_wconf 95' lang='grc' dir='ltr'>λον</span> <span class='ocrx_word' id='word_1_178' title='bbox 210 3145 296 3238; x_wconf 71' lang='grc' dir='ltr'><strong><em>αὐτῇ</em></strong></span> <span class='ocrx_word' id='word_1_179' title='bbox 311 3154 479 3272; x_wconf 69' lang='lat'>66066606</span> <span class='ocrx_word' id='word_1_180' title='bbox 494 3142 519 3240; x_wconf 87' lang='lat'>6</span> <span class='ocrx_word' id='word_1_181' title='bbox 534 3175 572 3217; x_wconf 92' lang='grc' dir='ltr'>το</span> <span class='ocrx_word' id='word_1_182' title='bbox 562 3144 650 3274; x_wconf 64' lang='lat'>666</span> <span class='ocrx_word' id='word_1_183' title='bbox 671 3168 738 3236; x_wconf 81' lang='grc' dir='ltr'><strong><em>νεαρ</em></strong></span> <span class='ocrx_word' id='word_1_184' title='bbox 739 3143 868 3274; x_wconf 79' lang='grc' dir='ltr'><strong><em>’άξέρια</em></strong></span> <span class='ocrx_word' id='word_1_185' title='bbox 921 3148 1104 3245; x_wconf 80' lang='grc' dir='ltr'><strong><em>σφαγείσης</em></strong></span> <span class='ocrx_word' id='word_1_186' title='bbox 1118 3151 1155 3222; x_wconf 90' lang='lat'>66</span> 
     </span>
     <span class='ocr_line' id='line_1_24' title="bbox 133 3244 1156 3380; baseline 0.003 -61"><span class='ocrx_word' id='word_1_187' title='bbox 133 3254 193 3372; x_wconf 76' lang='grc' dir='ltr'>της</span> <span class='ocrx_word' id='word_1_188' title='bbox 213 3248 397 3374; x_wconf 70' lang='grc' dir='ltr'><strong><em>ηαρθένου,</em></strong></span> <span class='ocrx_word' id='word_1_189' title='bbox 419 3244 545 3371; x_wconf 64' lang='lat'>‘66666</span> <span class='ocrx_word' id='word_1_190' title='bbox 561 3246 769 3339; x_wconf 72' lang='grc' dir='ltr'><strong><em>θεράπαιναν</em></strong></span> <span class='ocrx_word' id='word_1_191' title='bbox 791 3247 898 3380; x_wconf 50' lang='grc' dir='ltr'><strong><em>αρετῆς</em></strong></span> <span class='ocrx_word' id='word_1_192' title='bbox 920 3251 1040 3342; x_wconf 69' lang='grc' dir='ltr'><strong><em>έπεμψε</em></strong></span> <span class='ocrx_word' id='word_1_193' title='bbox 1064 3248 1156 3378; x_wconf 81' lang='lat'>6666</span> 
     </span>
     <span class='ocr_line' id='line_1_25' title="bbox 134 3338 1158 3479; baseline 0.005 -58"><span class='ocrx_word' id='word_1_194' title='bbox 134 3347 193 3438; x_wconf 86' lang='grc' dir='ltr'><strong><em>τάς</em></strong></span> <span class='ocrx_word' id='word_1_195' title='bbox 216 3345 336 3436; x_wconf 87' lang='grc' dir='ltr'><strong><em>άκτάς,</em></strong></span> <span class='ocrx_word' id='word_1_196' title='bbox 360 3338 464 3451; x_wconf 68' lang='grc' dir='ltr'>έ’φτ</span> <span class='ocrx_word' id='word_1_197' title='bbox 437 3377 464 3418; x_wconf 86' lang='grc' dir='ltr'>οι</span> <span class='ocrx_word' id='word_1_198' title='bbox 489 3343 583 3437; x_wconf 80' lang='lat'>6666</span> <span class='ocrx_word' id='word_1_199' title='bbox 608 3350 733 3423; x_wconf 74' lang='grc' dir='ltr'><strong><em>ἐκεῖθεν</em></strong></span> <span class='ocrx_word' id='word_1_200' title='bbox 751 3353 885 3442; x_wconf 83' lang='grc' dir='ltr'><strong><em>κομίσαι</em></strong></span> <span class='ocrx_word' id='word_1_201' title='bbox 906 3347 992 3479; x_wconf 72' lang='lat'>6666</span> <span class='ocrx_word' id='word_1_202' title='bbox 1012 3349 1158 3446; x_wconf 72' lang='grc' dir='ltr'><strong><em>λουτρὸν</em></strong></span> 
     </span>
     <span class='ocr_line' id='line_1_26' title="bbox 138 3438 1155 3576; baseline 0.004 -53"><span class='ocrx_word' id='word_1_203' title='bbox 138 3449 344 3576; x_wconf 79' lang='grc' dir='ltr'><strong><em>Πολυξένης.</em></strong></span> <span class='ocrx_word' id='word_1_204' title='bbox 396 3438 472 3542; x_wconf 83' lang='grc' dir='ltr'><strong><em>εὗρε</em></strong></span> <span class='ocrx_word' id='word_1_205' title='bbox 494 3450 529 3519; x_wconf 87' lang='lat'>66</span> <span class='ocrx_word' id='word_1_206' title='bbox 544 3448 758 3542; x_wconf 76' lang='grc' dir='ltr'><strong><em>Πολύδωρον</em></strong></span> <span class='ocrx_word' id='word_1_207' title='bbox 778 3452 844 3523; x_wconf 80' lang='grc' dir='ltr'><strong><em>ἐκεῖ</em></strong></span> <span class='ocrx_word' id='word_1_208' title='bbox 863 3452 924 3543; x_wconf 70' lang='grc' dir='ltr'><strong><em>αεέγ</em></strong></span> <span class='ocrx_word' id='word_1_209' title='bbox 924 3477 1021 3522; x_wconf 90' lang='grc' dir='ltr'><strong><em>ιενον·</em></strong></span> <span class='ocrx_word' id='word_1_210' title='bbox 1048 3452 1155 3527; x_wconf 79' lang='lat'>6606·</span> 
     </span>
     <span class='ocr_line' id='line_1_27' title="bbox 134 3547 1156 3680; baseline 0.003 -55"><span class='ocrx_word' id='word_1_211' title='bbox 134 3571 199 3680; x_wconf 85' lang='lat'>060</span> <span class='ocrx_word' id='word_1_212' title='bbox 217 3550 280 3646; x_wconf 89' lang='grc' dir='ltr'>γάρ</span> <span class='ocrx_word' id='word_1_213' title='bbox 295 3549 341 3638; x_wconf 75' lang='grc' dir='ltr'><strong><em>ὡς</em></strong></span> <span class='ocrx_word' id='word_1_214' title='bbox 357 3552 437 3645; x_wconf 87' lang='grc' dir='ltr'><strong><em>έγνω</em></strong></span> <span class='ocrx_word' id='word_1_215' title='bbox 452 3547 515 3646; x_wconf 72' lang='grc' dir='ltr'>τήν</span> <span class='ocrx_word' id='word_1_216' title='bbox 534 3553 659 3642; x_wconf 82' lang='grc' dir='ltr'><strong><em>Τροίαν</em></strong></span> <span class='ocrx_word' id='word_1_217' title='bbox 676 3553 923 3679; x_wconf 67' lang='grc' dir='ltr'><strong><em>Πολρηιήστορρ,</em></strong></span> <span class='ocrx_word' id='word_1_218' title='bbox 939 3552 1137 3645; x_wconf 82' lang='grc' dir='ltr'><strong><em>σφάξας’</em></strong></span> <span class='ocrx_word' id='word_1_219' title='bbox 1090 3585 1156 3629; x_wconf 94' lang='grc' dir='ltr'><strong><em>αυ-</em></strong></span> 
     </span>
     <span class='ocr_line' id='line_1_28' title="bbox 133 3649 1154 3779; baseline 0.003 -52"><span class='ocrx_word' id='word_1_220' title='bbox 133 3653 193 3727; x_wconf 85' lang='grc' dir='ltr'>τόν</span> <span class='ocrx_word' id='word_1_221' title='bbox 210 3653 343 3779; x_wconf 73' lang='grc' dir='ltr'><strong><em>έρριιλεν</em></strong></span> <span class='ocrx_word' id='word_1_222' title='bbox 359 3649 457 3740; x_wconf 85' lang='grc' dir='ltr'>εἰς</span> <span class='ocrx_word' id='word_1_223' title='bbox 420 3680 481 3747; x_wconf 93' lang='grc' dir='ltr'>την</span> <span class='ocrx_word' id='word_1_224' title='bbox 494 3651 720 3737; x_wconf 75' lang='lat'>66666666,³</span> <span class='ocrx_word' id='word_1_225' title='bbox 696 3683 741 3740; x_wconf 85' lang='grc' dir='ltr'><strong><em>ως</em></strong></span> <span class='ocrx_word' id='word_1_226' title='bbox 758 3650 798 3723; x_wconf 87' lang='lat'>66</span> <span class='ocrx_word' id='word_1_227' title='bbox 812 3683 853 3724; x_wconf 84' lang='grc' dir='ltr'><strong><em>αι</em></strong></span> <span class='ocrx_word' id='word_1_228' title='bbox 849 3650 915 3740; x_wconf 78' lang='grc' dir='ltr'><strong><em>’τὰς</em></strong></span> <span class='ocrx_word' id='word_1_229' title='bbox 929 3655 986 3747; x_wconf 83' lang='grc' dir='ltr'>έγη</span> <span class='ocrx_word' id='word_1_230' title='bbox 1000 3654 1059 3728; x_wconf 84' lang='grc' dir='ltr'>τὸν</span> <span class='ocrx_word' id='word_1_231' title='bbox 1070 3685 1154 3750; x_wconf 87' lang='grc' dir='ltr'><strong><em>γρυ-</em></strong></span> 
     </span>
    </p>
   </div>
   <div class='ocr_carea' id='block_1_4' title="bbox 37 3750 1155 3886">
    <p class='ocr_par' dir='ltr' id='par_1_4' title="bbox 37 3750 1155 3886">
     <span class='ocr_line' id='line_1_29' title="bbox 37 3750 1155 3886; baseline 0.005 -60"><span class='ocrx_word' id='word_1_232' title='bbox 37 3769 46 3778; x_wconf 86' lang='grc'><strong>“</strong></span> <span class='ocrx_word' id='word_1_233' title='bbox 134 3754 213 3842; x_wconf 88' lang='grc' dir='ltr'>σόν,</span> <span class='ocrx_word' id='word_1_234' title='bbox 240 3751 280 3826; x_wconf 83' lang='grc' dir='ltr'>ὃν</span> <span class='ocrx_word' id='word_1_235' title='bbox 298 3750 383 3847; x_wconf 77' lang='grc' dir='ltr'><strong><em>πρὸς</em></strong></span> <span class='ocrx_word' id='word_1_236' title='bbox 401 3751 506 3826; x_wconf 72' lang='grc' dir='ltr'><strong><em>αὐτὸν</em></strong></span> <span class='ocrx_word' id='word_1_237' title='bbox 522 3753 601 3847; x_wconf 86' lang='grc' dir='ltr'><strong><em>μετά</em></strong></span> <span class='ocrx_word' id='word_1_238' title='bbox 620 3781 683 3826; x_wconf 88' lang='grc' dir='ltr'>του</span> <span class='ocrx_word' id='word_1_239' title='bbox 670 3752 817 3842; x_wconf 74' lang='grc' dir='ltr'><strong><em>παιδὸς</em></strong></span> <span class='ocrx_word' id='word_1_240' title='bbox 834 3759 934 3827; x_wconf 87' lang='grc' dir='ltr'><strong><em>Πολι</em></strong></span> <span class='ocrx_word' id='word_1_241' title='bbox 925 3756 1048 3849; x_wconf 80' lang='grc' dir='ltr'><strong><em>θυρου</em></strong></span> <span class='ocrx_word' id='word_1_242' title='bbox 1061 3759 1155 3886; x_wconf 78' lang='lat'>6666-</span> 
     </span>
    </p>
   </div>
   <div class='ocr_carea' id='block_1_5' title="bbox 132 3853 1154 4160">
    <p class='ocr_par' dir='ltr' id='par_1_5' title="bbox 132 3853 1154 4160">
     <span class='ocr_line' id='line_1_30' title="bbox 133 3853 1154 3985; baseline 0.004 -57"><span class='ocrx_word' id='word_1_243' title='bbox 133 3884 177 3954; x_wconf 92' lang='grc' dir='ltr'><em>ην</em></span> <span class='ocrx_word' id='word_1_244' title='bbox 195 3856 352 3950; x_wconf 85' lang='grc' dir='ltr'><strong><em>Πρίαμος</em></strong></span> <span class='ocrx_word' id='word_1_245' title='bbox 367 3859 487 3950; x_wconf 78' lang='grc' dir='ltr'><strong><em>έιτεμιάε</em></strong></span> <span class='ocrx_word' id='word_1_246' title='bbox 504 3855 631 3981; x_wconf 91' lang='grc' dir='ltr'><strong><em>λάθρα,</em></strong></span> <span class='ocrx_word' id='word_1_247' title='bbox 654 3853 767 3951; x_wconf 83' lang='lat'>66666</span> <span class='ocrx_word' id='word_1_248' title='bbox 789 3854 924 3985; x_wconf 80' lang='lat'>6666</span> <span class='ocrx_word' id='word_1_249' title='bbox 889 3886 928 3929; x_wconf 90' lang='grc' dir='ltr'>το</span> <span class='ocrx_word' id='word_1_250' title='bbox 943 3857 1043 3932; x_wconf 84' lang='grc' dir='ltr'><strong><em>Ἴλιον</em></strong></span> <span class='ocrx_word' id='word_1_251' title='bbox 1067 3858 1154 3952; x_wconf 77' lang='grc' dir='ltr'><strong><em>πρὸς</em></strong></span> 
     </span>
     <span class='ocr_line' id='line_1_31' title="bbox 132 3946 1154 4088; baseline -0.002 -58"><span class='ocrx_word' id='word_1_252' title='bbox 132 3961 293 4086; x_wconf 74' lang='grc' dir='ltr'><em>ηίνθυνον</em></span> <span class='ocrx_word' id='word_1_253' title='bbox 313 3956 381 4056; x_wconf 87' lang='lat'>666</span> <span class='ocrx_word' id='word_1_254' title='bbox 407 3965 548 4052; x_wconf 80' lang='grc' dir='ltr'><strong><em>χωροῦν.</em></strong></span> <span class='ocrx_word' id='word_1_255' title='bbox 606 3946 717 4088; x_wconf 81' lang='lat'>66</span> <span class='ocrx_word' id='word_1_256' title='bbox 675 3955 751 4028; x_wconf 87' lang='lat'>66³</span> <span class='ocrx_word' id='word_1_257' title='bbox 735 3986 754 4028; x_wconf 99' lang='lat'>0</span> <span class='ocrx_word' id='word_1_258' title='bbox 774 3957 899 4053; x_wconf 83' lang='grc' dir='ltr'><strong><em>γουσος</em></strong></span> <span class='ocrx_word' id='word_1_259' title='bbox 920 3988 1020 4049; x_wconf 88' lang='grc' dir='ltr'><strong><em>ουτος</em></strong></span> <span class='ocrx_word' id='word_1_260' title='bbox 1043 3959 1154 4051; x_wconf 73' lang='lat'>6066,-</span> 
     </span>
     <span class='ocr_line' id='line_1_32' title="bbox 132 4047 1147 4160; baseline 0.001 -26"><span class='ocrx_word' id='word_1_261' title='bbox 132 4059 217 4160; x_wconf 79' lang='grc' dir='ltr'><strong><em>άγαν</em></strong></span> <span class='ocrx_word' id='word_1_262' title='bbox 231 4062 288 4133; x_wconf 83' lang='lat'>666</span> <span class='ocrx_word' id='word_1_263' title='bbox 305 4059 418 4150; x_wconf 79' lang='grc' dir='ltr'><strong><em>ἱκανὸς</em></strong></span> <span class='ocrx_word' id='word_1_264' title='bbox 434 4059 585 4157; x_wconf 77' lang='grc' dir='ltr'><strong><em>ὀρθῶσαι</em></strong></span> <span class='ocrx_word' id='word_1_265' title='bbox 600 4088 656 4132; x_wconf 86' lang='grc' dir='ltr'><strong><em>τιαι</em></strong></span> <span class='ocrx_word' id='word_1_266' title='bbox 645 4047 822 4151; x_wconf 70' lang='grc' dir='ltr'><strong><em>ἀὖθις</em></strong></span> <span class='ocrx_word' id='word_1_267' title='bbox 788 4090 826 4134; x_wconf 89' lang='grc' dir='ltr'>το</span> <span class='ocrx_word' id='word_1_268' title='bbox 846 4063 940 4157; x_wconf 81' lang='grc' dir='ltr'><strong><em>γένος</em></strong></span> <span class='ocrx_word' id='word_1_269' title='bbox 959 4087 1022 4135; x_wconf 92' lang='grc' dir='ltr'>του</span> <span class='ocrx_word' id='word_1_270' title='bbox 1008 4063 1147 4158; x_wconf 89' lang='grc' dir='ltr'><strong><em>Πριά-</em></strong></span> 
     </span>
    </p>
   </div>
   <div class='ocr_carea' id='block_1_6' title="bbox 0 0 1310 4546">
    <p class='ocr_par' dir='ltr' id='par_1_6' title="bbox 0 0 1310 4546">
     <span class='ocr_line' id='line_1_33' title="bbox 0 0 1310 4546; baseline 0 3"><span class='ocrx_word' id='word_1_271' title='bbox 0 0 1310 4546; x_wconf 95' lang='lat' dir='ltr'> </span> 
     </span>
    </p>
   </div>
  </div>
 </body>
</html>
