2610 4546
447 209 455 279 ‘-
540 249 756 313 nncnnn.
1142 262 1164 321 o

139 425 203 463 cum
215 409 337 462 exercitu
346 406 525 474 Graecorum,
546 426 628 476 quem
636 409 825 477 constitissein
838 426 887 464 era
895 411 968 467 illius
981 421 1164 486 ternanensi

139 502 215 555 visus
228 507 300 555 esset
311 517 393 570 supra
406 502 541 553 tumulum
548 503 670 557 Achilles
682 505 840 572 Polyxenae
853 505 966 560 caedem
979 512 1162 578 expostulant,

139 611 257 662 eamque
275 594 428 649 fortissimo
447 596 585 664 qnondam
598 595 676 647 heroi
697 596 791 671 datum
808 597 852 651 iri.
886 599 953 653 Inde
965 603 1082 657 Hecuba
1094 621 1161 671 pro·

139 688 265 759 greditm
281 694 309 741 et
321 688 382 740 dira
393 692 489 741 narrat
505 689 621 754 somnia,
638 706 672 741 er
687 689 785 756 quibus
800 691 827 743 in
839 693 991 746 maximum
1006 695 1040 747 de
1052 696 1162 751 fortune

138 781 273 851 Polydori
285 787 313 834 et
325 781 484 850 Polyxenae
502 786 608 835 metum
621 781 756 837 inciderit.
789 785 829 837 de
844 787 878 838 de
889 786 953 838 filia
970 788 1046 841 haud
1061 799 1161 843 tanam

139 875 225 928 fuisse
237 875 448 928 sollicitudinem
462 876 555 927 statim
567 876 748 945 cognoscitur,
765 879 850 930 choro
864 880 1047 932 Troianorum
1062 881 1161 934 mulie·
1210 864 1213 869 ’

138 985 199 1020 rum
215 969 335 1022 nundum
345 969 477 1021 afferente
490 969 592 1021 decreti
609 971 682 1037 qnod
696 969 820 1023 fecerant
835 972 935 1045 Gracci
948 973 983 1024 de
994 972 1163 1027 immolanda

138 1062 242 1115 Achilli
248 1042 402 1132 ‘Polyxena
439 1062 546 1114 Graves
558 1062 621 1113 inde
635 1064 768 1117 Hecubae
783 1065 1000 1131 lamentationes,
1020 1070 1048 1118 et
1061 1082 1162 1119 evoca·

138 1160 184 1209 tur
195 1157 347 1225 Polyxene,
365 1170 446 1222 quae,
463 1153 558 1207 audita
573 1172 613 1220 re,
626 1160 655 1208 et
667 1157 728 1223 ipsa
739 1157 846 1210 flebiles
857 1158 946 1210 fundit
953 1161 1088 1226 querelas,
1100 1175 1161 1213 ma·
1210 1148 1213 1153 ¹

138 1249 184 1318 gis
194 1254 288 1307 tamen
297 1253 328 1301 ut
337 1249 435 1300 erbam
454 1248 550 1300 matris
566 1253 705 1300 senectam
720 1267 803 1316 quam
815 1269 893 1304 sunm
904 1252 991 1319 ipsius
1004 1253 1096 1307 vicem
1109 1253 1159 1306 do-

138 1345 204 1395 leat.
238 1342 300 1395 lam
318 1358 385 1393 vero
405 1341 482 1393 adest
498 1341 607 1405 muca,
629 1341 799 1409 perferendis
820 1345 955 1397 exercitus
976 1345 1113 1399 mandatis
1132 1351 1175 1399 et'

135 1433 314 1487 abducendos
334 1432 436 1503 virgini
454 1434 593 1499 delectus,
624 1450 704 1501 quem
722 1437 838 1488 Hecube
855 1442 1068 1499 commemorato
1087 1438 1161 1491 vitae

135 1533 265 1581 servatae
285 1527 422 1580 beneficio
442 1531 471 1580 et
492 1525 620 1594 precibus
640 1527 732 1579 multis
753 1544 787 1581 ac
803 1529 977 1583 miseratione
999 1544 1161 1599 permovere

136 1622 235 1687 studet,
253 1626 283 1674 ut
294 1638 383 1688 neque
395 1619 454 1688 ipse
464 1620 555 1673 filiam
570 1637 603 1672 ex
618 1621 715 1673 matris
727 1624 854 1690 amplexu
866 1625 983 1688 evehat,
1009 1627 1038 1675 et
1048 1621 1161 1679 Graecis

135 1715 221 1768 sliam
237 1730 299 1768 esse
318 1714 460 1767 victimam
475 1712 578 1766 Achilli
597 1713 777 1767 tribuendam·
788 1716 960 1782 persuadeat.
994 1716 1095 1769 conec
1110 1714 1161 1769 illo

134 1808 284 1861 disserente
296 1807 393 1878 negari
407 1808 463 1859 hoc
478 1824 576 1859 munus
593 1805 743 1860 fortissimo
756 1808 820 1861 ¹rire
838 1825 892 1859 non
908 1820 1004 1875 posse,
1026 1824 1112 1875 quom
1124 1808 1160 1861 fi-

134 1902 204 1956 liam
216 1902 346 1964 Hecube,
372 1905 407 1953 ut,
421 1915 484 1952 suas
497 1899 559 1967 ipse
572 1913 668 1967 preces
686 1900 832 1964 adiiceret,
856 1901 966 1953 hortata
982 1905 1067 1954 essetz
1084 1905 1161 1955 tanta

137 1995 301 2061 conspicitur
316 1994 475 2059 Polyxenae
492 1991 644 2043 constantia
659 1997 687 2044 et
704 1992 865 2060 magnitudo
882 1993 981 2057 animi,
1002 2011 1086 2061 quum
1106 1994 1160 2046 sibi

137 2088 248 2154 quidem
260 2090 378 2137 mortem
397 2087 528 2149 tanquam
546 2083 666 2148 aliquem
681 2089 790 2150 portum
804 2083 905 2135 diceret
918 2084 1016 2150 videri,
1031 2086 1060 2138 in
1077 2095 1160 2152 quem

138 2195 171 2231 ex
189 2175 353 2246 gravissima
369 2178 532 2240 tempestate
551 2173 678 2227 forhmnc
701 2174 862 2243 confugeret
878 2175 1030 2242 vitarctquc
1049 2194 1161 2234 omnem

134 2270 215 2323 illam
226 2268 332 2321 servitii
342 2267 553 2335 turpitudinem
569 2272 687 2319 matrem
701 2273 793 2320 eutem
805 2271 990 2321 consolaretur
1003 2286 1036 2322 ea
1047 2271 1108 2337 ipsa
1120 2288 1160 2338 re,

136 2359 208 2430 qnod
221 2362 290 2415 nihil
306 2367 377 2413 esset
388 2360 529 2431 indignum
541 2361 654 2428 pristina
666 2360 776 2414 fortuna
788 2363 947 2427 toleratura,
963 2368 1002 2428 ut,
1018 2363 1043 2417 si
1057 2365 1118 2431 quis
1132 2369 1159 2419 et

134 2461 255 2509 aetatem
269 2454 344 2509 illins
357 2460 384 2507 ct
398 2454 609 2524 pulcritudinem
624 2455 821 2521 consideraret,
838 2471 891 2509 nou
904 2461 996 2523 posset
1013 2473 1066 2508 non
1082 2459 1158 2511 lnetu

134 2549 254 2616 fletuque
273 2548 402 2616 prosequi
424 2549 570 2600 abeuntem
593 2547 739 2614 multisque
761 2547 848 2616 signis
871 2547 991 2600 caritatis
1012 2554 1039 2600 et
1058 2549 1159 2602 doloris

134 2643 218 2696 matri
230 2641 439 2694 valedicentem.
473 2641 540 2693 Post
555 2641 690 2693 nuntiem
703 2641 797 2706 chori,
815 2658 868 2708 quc
885 2656 1020 2717 quaenon
1033 2646 1111 2693 crant
1120 2642 1158 2696 si-

132 2732 194 2791 mili
209 2738 268 2790 sive
285 2734 422 2788 beneiicio
438 2734 563 2787 fortunae
577 2735 638 2787 sive
658 2733 759 2786 iniuria
776 2750 910 2786 evasuras
925 2736 1000 2787 mala
1021 2735 1160 2788 servitutis

131 2832 263 2884 mulieres
276 2829 399 2882 futuram
415 2828 598 2880 conditionem
611 2828 771 2892 coniectent,
790 2828 959 2896 Talthybius
971 2827 1081 2880 advenit
1095 2845 1159 2895 per-

132 2930 227 2977 actum
240 2921 406 2974 sacrificium
416 2921 540 2972 nuntians
551 2927 663 2987 tamque
679 2920 870 2972 admirabilem
884 2921 912 2971 in
927 2921 986 2987 ipso
998 2919 1094 2971 mortis
1102 2921 1158 2972 dis-

100 3000 107 3009 ·
134 3017 248 3068 crimine
261 3011 447 3064 fortitudinem
458 3013 618 3078 Polyxenae
632 3011 719 3063 fuisse
733 3028 861 3075 narrans,
885 3016 915 3064 ut
927 3028 1027 3078 neque,
1045 3013 1088 3064 cui
1101 3018 1158 3066 erat

127 3106 203 3166 illud
221 3103 361 3171 negotium
377 3102 587 3165 demandatum,
612 3103 807 3171 Neoptolemus
822 3104 875 3156 nisi
890 3104 1028 3156 haesitans
1044 3110 1071 3158 et
1087 3105 1158 3159 iuvi-

135 3203 180 3252 tns
192 3197 315 3265 puellam
329 3193 479 3245 maioribus
491 3211 578 3262 paene
592 3196 677 3249 animi
689 3214 772 3263 quem
783 3199 905 3266 eorporis
916 3197 1063 3252 virtutibus
1075 3215 1156 3250 erna-

135 3299 193 3346 tam
213 3293 337 3342 mactare
353 3292 454 3355 posset,
472 3294 499 3340 ct
520 3289 566 3354 qui
584 3291 698 3344 aderant
710 3292 810 3345 Gracci
828 3293 944 3356 milites,
966 3297 995 3344 ut
1014 3291 1157 3345 deiimctae

131 3385 234 3451 honori
249 3381 360 3450 nequid
373 3383 488 3447 deesset,
505 3383 630 3436 certatim
643 3386 826 3452 providerent.
860 3387 993 3455 Magnum
1005 3401 1039 3436 ea
1054 3403 1099 3436 res
1113 3383 1157 3436 af-

137 3465 213 3532 ferre
233 3476 313 3530 matri
334 3475 463 3527 solatium
480 3481 601 3556 poteret,
629 3495 709 3545 quae,
736 3468 891 3532 collaudata
906 3478 983 3531 tibae
1000 3478 1109 3544 virtute,
1118 3483 1157 3530 'ut

136 3571 188 3622 sibi
204 3586 300 3635 corpus
318 3577 346 3622 et
361 3569 551 3636 exsequiarum
563 3587 628 3623 cura
641 3574 843 3638 concederetur,
860 3573 944 3640 petiit.
979 3572 1068 3625 Simul
1083 3571 1157 3623 misit
1195 3595 1198 3601 ·

136 3663 274 3726 ancillam,
291 3678 361 3729 quae
374 3680 474 3731 aquam
489 3681 505 3715 e
522 3663 593 3715 mari
608 3664 736 3718 haustam
752 3667 787 3718 ed
797 3667 946 3718 levandum
959 3681 1058 3731 corpus
1073 3664 1156 3717 affer-

135 3764 187 3823 rct,
205 3761 232 3808 et
247 3756 308 3823 ipsa
319 3756 463 3809 funebrem
477 3762 601 3810 ornatum
615 3764 746 3826 paratura
756 3759 886 3811 discessit.

203 3848 275 3902 Hinc
287 3850 375 3900 altera
391 3850 503 3903 fabulae
514 3869 578 3919 pars
595 3851 698 3920 incipit,
717 3870 800 3921 qnam
820 3853 937 3906 diximus
953 3852 1022 3902 adeo
1039 3866 1093 3902 non
1107 3868 1154 3903 cx-

139 3961 250 3996 cnrrere
267 3943 340 3994 ultra
354 3944 530 4012 propositum,
549 3953 578 3999 ut
589 3964 701 4015 prorsus
712 3946 866 4000 necessaria
878 3947 912 3999 sit
924 3946 1058 3998 habenda.
1085 3944 1155 3997 Nam

136 4038 210 4091 finiri
224 4037 350 4090 fabulam
361 4053 415 4088 non
426 4039 546 4104 petuisse
559 4041 648 4108 quiris
661 4042 775 4095 sentiat:
798 4059 886 4110 neque
904 4042 975 4094 enim
993 4054 1071 4092 mera
1082 4040 1155 4090 cala*
