2610 4546
429 1337 882 1460 nnnnnnnro.

571 1553 727 1563 ——n—

144 1729 266 1861 Quum
281 1774 418 1842 Euripidis
433 1774 592 1834 Medeam
615 1779 676 1842 post
700 1777 727 1827 b.
746 1776 865 1846 l’lluglrii
883 1791 996 1842 operam
1019 1775 1046 1827 in
1065 1790 1099 1830 ea
1117 1776 1161 1830 fa-
1249 1831 1252 1835 ,

142 1871 208 1925 buln
230 1870 392 1924 concentum
414 1868 514 1920 iterum
538 1869 672 1920 edendam
694 1869 876 1936 susciperem,
901 1868 930 1919 id
952 1867 1023 1920 mibi
1046 1869 1080 1919 ab
1107 1869 1163 1925 illis

142 1961 222 2026 viris,
244 1977 358 2027 quorum
381 1961 540 2014 auctoritate
565 1961 619 2011 hoc
643 1978 742 2013 munus
765 1977 941 2036 acceperam,
968 1959 1161 2020 demandatum

142 2057 197 2118 est,
214 2058 244 2103 nt
261 2058 288 2105 ct
304 2052 331 2103 in
349 2052 414 2119 ipsis
430 2057 528 2119 poetae
545 2053 637 2104 verbis
655 2052 683 2105 in
700 2054 754 2105 lrac
771 2068 843 2103 nove
865 2050 980 2102 editione
998 2052 1161 2103 constituen-
1237 2051 1245 2063 '

141 2144 182 2199 dis
208 2143 306 2198 iudicio
331 2146 412 2209 plane
434 2145 522 2197 libero
546 2149 637 2193 uterer
655 2148 681 2194 et
705 2145 733 2194 in
758 2141 974 2209 annotationibus
988 2134 1161 2209 Plluglrianis

140 2234 282 2298 tollendis,
300 2233 449 2296 mutandis,
477 2233 675 2299 amplificandis
699 2251 751 2291 non
774 2233 862 2285 minus
879 2249 1004 2285 versarer
1028 2232 1161 2297 arbitratu

139 2343 209 2378 meo.
237 2328 299 2377 Hoc
316 2325 386 2376 enim
400 2325 512 2377 consilio
530 2326 640 2379 aiebant
656 2326 709 2390 edi,
735 2331 765 2378 ut
782 2342 890 2377 omnem
902 2323 1160 2388 Bibliothecnm

140 2417 327 2482 Graecam,
352 2418 392 2468 sic
415 2420 488 2471 hanc
506 2435 611 2484 qnoque
628 2417 765 2484 Euripidis
782 2418 920 2482 fabulam,
945 2417 983 2470 uti
1002 2418 1074 2484 quod
1091 2435 1158 2484 quo-

139 2526 190 2576 que
208 2515 331 2575 tempore
349 2515 377 2562 ut
395 2510 564 2563 verissimum
583 2516 609 2564 et
626 2510 758 2576 optimum
776 2515 846 2571 esset
859 2509 1005 2576 cognitum,
1023 2508 1052 2560 id
1068 2510 1159 2576 ipsum

138 2601 298 2664 lectoribus,
316 2600 435 2651 maxime
452 2601 614 2668 iunioribus,
637 2603 795 2667 offerretur,
818 2607 978 2662 nouantem
1001 2607 1030 2653 ut
1053 2619 1085 2652 eo
1104 2602 1157 2655 im-

138 2693 275 2761 pediretur
299 2692 387 2754 libelli
409 2709 489 2757 usus,
514 2692 539 2754 si
560 2695 644 2747 etiam
660 2695 709 2747 illa
726 2695 867 2746 tractanda
891 2698 918 2747 et
935 2695 1159 2760 cognoscendae

138 2785 267 2843 breuibus
286 2791 386 2849 essent,
410 2802 479 2852 quac
506 2789 540 2841 nd
564 2788 770 2856 intelligendam
786 2785 925 2852 Euripidis
949 2785 1073 2839 fabulam
1090 2787 1159 2849 nibil

138 2876 260 2927 conferre
278 2893 388 2943 prorsus
407 2879 568 2929 viderentur.

203 2969 265 3018 llee
288 2986 353 3019 vero
371 2968 497 3021 libertato
521 2971 648 3034 equidem
663 2971 702 3023 ite
718 2985 783 3030 usus
800 2984 875 3028 sum,
898 2970 928 3015 ut
945 2983 995 3030 en,
1016 2984 1085 3031 quae
1102 2985 1155 3035 ego

135 3058 164 3115 iu
179 3058 208 3108 b.
226 3059 346 3124 Pllngkii
369 3059 542 3116 annotatione
566 3062 612 3109 eut
635 3058 707 3119 sulse
731 3061 824 3122 eperte
848 3060 895 3105 aut
920 3061 993 3107 certe
1016 3059 1051 3111 ad
1069 3060 1155 3125 expli-

137 3148 252 3199 candam
269 3146 340 3196 hanc
356 3145 480 3199 sennam
498 3149 580 3212 plane
597 3147 704 3207 inutilia
720 3166 779 3202 esse
797 3147 999 3212 intellexissem,
1024 3150 1081 3201 sine
1098 3153 1156 3209 ullu

136 3235 302 3300 dubitatione
326 3240 464 3303 tollerem,
488 3238 512 3291 si
536 3241 646 3306 quidem
670 3240 739 3297 nihil
762 3241 824 3293 inde
841 3240 964 3293 utilitatis
989 3243 1155 3300 adsensum

135 3328 233 3381 melius
250 3331 467 3397 cognoscendam
483 3333 636 3389 redundare
652 3338 757 3400 posset,
780 3348 869 3399 pauca
886 3339 990 3398 antem,
1016 3333 1068 3385 nisi
1084 3351 1155 3400 quoe

135 3427 182 3489 aut
204 3422 240 3475 ati
264 3424 505 3490 grammaticorum
531 3425 671 3478 citationes
695 3426 872 3492 pertinerent,
906 3442 976 3491 qnae
1001 3426 1154 3477 necessario

134 3513 170 3569 ad
193 3515 391 3575 recentissimus
415 3532 535 3582 quosque
566 3518 696 3571 editiones
719 3518 902 3570 immutandae
932 3522 959 3570 et
987 3519 1156 3584 supplendae,

134 3608 226 3668 erent,
245 3611 291 3658 ant
309 3624 379 3672 queo
397 3609 433 3663 ad
448 3624 602 3669 sermonem
619 3609 719 3674 ipsum,
745 3627 797 3676 qno
814 3609 951 3661 interdurn
966 3609 993 3658 b.
1011 3607 1154 3676 Pllugkins

133 3695 208 3759 haud
235 3699 377 3757 emendato
399 3701 465 3762 satis
483 3717 553 3761 ,usus
577 3705 649 3768 erat,
673 3707 839 3767 spectarent,
863 3702 968 3753 ineius
984 3704 1151 3757 commentu-

133 3787 212 3852 riolo,
229 3804 283 3851 nun
300 3792 391 3845 addito
409 3793 518 3846 nomine
536 3811 607 3858 meo,
626 3794 802 3862 corrigerem,
819 3793 938 3858 plurime
954 3809 1029 3856 vero,
1047 3792 1152 3849 adiecto

133 3878 189 3944 mei
205 3878 321 3948 nominis
338 3885 432 3952 signo,
456 3904 526 3954 quan
549 3893 597 3941 snt
621 3891 656 3949 ad
681 3892 777 3955 poetae
799 3883 950 3959 orationem
972 3885 1070 3953 melius
1087 3902 1151 3937 con-

133 3971 296 4041 ⁸iiluundum
319 3980 366 4036 sut
390 3979 425 4032 ud
447 3979 616 4049 singidonum
638 3983 761 4041 locorum
786 3978 931 4035 sententias
947 3978 1047 4037 rectius
1065 3977 1151 4044 expli-

906 4071 922 4109 ι
932 4071 947 4108 ι

865 4210 874 4239 l
