2610 4546
589 254 846 318 nutlrtnts

305 408 458 511 ὀρφανὸν
481 409 565 488 εἶναι
588 405 709 504 παιδὸς
732 417 880 509 pri-iae·

305 515 330 616 ἢ
354 522 406 590 δεῖ
428 514 460 589 o'
485 517 606 590 ἐπιδεῖν
629 516 761 611 τύμβου
784 524 935 615 προπετῆ

304 619 566 717 φοινισσομέαηυ
590 621 701 713 cipere
724 620 896 714 παρθένον

305 722 341 794 ἐκ
365 720 588 818 χρυσοφόρου

403 826 518 919 δειρῆς
540 827 658 924 δασμῷ
681 825 886 916 μελαναυγεί

605 994 808 1062 ΕΚ-ΑΒΗ.

301 1126 336 1199 οἲ
358 1122 414 1221 ’γῶ
439 1124 548 1218 μελέα,
572 1124 606 1196 τί
627 1121 702 1196 ποτ’
727 1121 868 1207 dodam
1153 1141 1226 1210 155

301 1228 403 1302 ποίαν
427 1224 516 1321 α’χῶς
538 1233 637 1300 ποῖον
661 1223 832 1322 ὀδυρμόν,·

265 1446 291 1479 r.
313 1428 371 1484 160.
411 1425 527 1482 Parnoi
549 1446 618 1480 corr.
641 1429 865 1480 Hermannus.
906 1427 992 1495 Vulgo
1016 1428 1116 1496 ydrae,
1139 1439 1224 1502 quod,

219 1512 280 1547 uum
304 1496 422 1549 ultimam
446 1497 575 1563 syllabam
597 1497 703 1547 brevem
720 1496 833 1558 habeat,
854 1514 958 1547 versum
983 1503 1144 1567 corrumpit:
1172 1506 1225 1557 nisi

199 1514 271 1616 Forte
288 1582 345 1615 eam
364 1565 537 1615 adhibendam
557 1575 633 1631 putas
652 1565 857 1627 excusationem,
874 1582 941 1633 quae
959 1567 1030 1618 valet
1046 1568 1074 1618 in
1085 1572 1223 1625 exclama·

198 1633 326 1684 tionibus.
364 1634 404 1684 cr.
422 1632 480 1700 ipa.
498 1633 531 1683 Τ.
551 1634 608 1698 155,
626 1633 672 1683 ubi
689 1633 811 1684 ‚imiliter
829 1645 977 1685 correctum
995 1645 1036 1686 est
1050 1635 1145 1704 γενεά.
1185 1627 1196 1640 “

265 1719 290 1750 v.
313 1702 371 1752 164.
405 1695 478 1768 ἥσω
495 1701 558 1751 Ald.
576 1701 636 1750 reli.
656 1695 713 1767 ἥσω
732 1700 806 1755 Flor.
822 1703 848 1752 2.
872 1704 911 1755 10.
926 1704 968 1754 26.
992 1707 1057 1770 Aug.
1083 1725 1106 1758 c.
1127 1698 1221 1760 Schol.

174 1772 257 1819 ‘Ara
272 1769 462 1821 Gu.F10r.21.
493 1774 559 1833 Aug.
573 1769 725 1834 ep.Herm.‚
743 1769 825 1835 qnod,
844 1771 892 1819 etsi
907 1772 1026 1835 agnoscit
1039 1772 1118 1825 etiam
1133 1777 1221 1843 Etym.
1289 1786 1295 1800 ⁶

196 1836 234 1886 M.
251 1836 312 1898 467,
330 1837 362 1902 5,
388 1846 460 1886 recte
485 1845 515 1886 ut
539 1839 767 1901 grammaticorum
791 1849 966 1889 commentum
989 1842 1108 1907 explosit
1134 1845 1220 1896 Din-

197 1903 281 1955 dorf
288 1904 340 1954 ius
355 1904 390 1955 ad
403 1904 494 1970 Suppl.
509 1904 567 1955 699.
596 1906 775 1956 Veruntamen
793 1921 873 1970 quum
890 1906 960 1956 illud
978 1909 1057 1959 etiam
1075 1911 1221 1965 obscurum

196 1971 341 2034 rideretur,
363 1989 419 2040 quo
438 1987 517 2023 sensu
534 1980 614 2039 poeta
630 1967 689 2040 ἥσω
708 1974 825 2038 dixisset,
849 1975 970 2025 certatim
987 1977 1037 2027 viri
1056 1979 1129 2030 docti
1147 1982 1220 2034 hnne

196 2039 285 2090 locum
309 2042 448 2091 emendare
476 2041 564 2090 conati
586 2045 679 2092 sunt·
696 2043 915 2108 Musgravius
940 2045 1009 2097 coni.
1032 2048 1089 2099 riori
1112 2042 1138 2102 δ’
1156 2045 1220 2116 ἥσω

194 2106 288 2169 πόδας
306 2109 350 2170 τίς
366 2108 444 2162 θεῶν
461 2120 523 2172 etc„
542 2110 615 2177 quod
632 2113 736 2179 recepit
753 2115 819 2175 nr„
835 2108 913 2165 πόδα
930 2129 945 2162 a
962 2114 1021 2163 Mus
1039 2119 1111 2167 rario
1130 2119 1220 2170 adsci-

196 2178 234 2227 vit
253 2179 422 2228 Hermann
431 2196 481 2242 ua,
500 2179 547 2228 sed
561 2179 630 2230 idern
649 2182 763 2232 servarit
779 2181 837 2233 ποῦ
853 2200 896 2242 τις
905 2181 997 2234 θεῶν.
1022 2132 1057 2232 in
1070 2185 1219 2240 Elementie

194 2255 282 2295 autem
300 2246 388 2297 doctr.
402 2257 479 2296 metr.
495 2265 521 2312 p.
539 2247 598 2299 738.
614 2250 777 2301 emendavit:
794 2252 848 2300 ποῖ
862 2245 888 2301 δ’
904 2246 996 2308 {took
1014 2251 1108 2299 eodem
1126 2271 1220 2318 sensu,

196 2330 273 2397 quem
296 2314 411 2377 vulgatis
437 2313 567 2365 tribuerat
584 2317 770 2378 Ileathius‚
793 2315 856 2366 coll.
873 2317 958 2377 Etym.
977 2315 1012 2363 M.
1030 2332 1056 2378 p.
1074 2318 1141 2366 483:
1167 2319 1218 2385 ἕω,

194 2380 333 2449 optatae
351 2379 414 2435 ἔσω·
431 2379 448 2435 δ
465 2387 668 2453 παρακείμενος
681 2376 746 2453 ἦκα·
764 2381 780 2435 δ
797 2378 957 2446 nudantis
973 2370 1070 2446 ἦσμαι·
1088 2379 1103 2433 d
1121 2374 1215 2454 tim-²⁰9-

193 2532 295 2583 imitere
326 2533 395 2585 cavit
426 2535 608 2588 Seidlerue
643 2536 677 2587 de
726 2533 777 2585 nisi
790 2531 863 2597 quod
879 2547 969 2582 omnes
981 2538 1053 2581 tanta
1064 2530 1092 2579 in
1105 2531 1216 2584 adden-

194 2601 285 2653 Verso.
301 2602 404 2656 dochm.
419 2621 446 2670 p.
461 2605 504 2655 82.
727 2602 771 2664 do,
790 2600 938 2662 demendo,
957 2601 1158 2665 transponendo
1175 2603 1216 2652 11-·

226 2688 250 2720 v.
264 2672 322 2724 151.
344 2667 505 2741 ὀρφανὸν
522 2667 674 2739 παιδδς]
727 2670 812 2720 centia
827 2680 945 2730 utuntur,
965 2679 1088 2735 quantam
1108 2669 1131 2719 si
1152 2673 1219 2738 quie

192 2740 357 2789 structuram
375 2758 503 2808 usumque
519 2740 592 2790 vocis
608 2739 674 2789 haec
726 2738 760 2788 ad
788 2748 893 2789 ceteros
914 2737 1056 2803 scriptores
1079 2737 1214 2808 attulerit,

191 2805 673 2876 illrrstrantexempla:Androm.808:
724 2806 797 2856 haud
826 2807 906 2857 facile
926 2806 1083 2856 temeritatis
1110 2807 1214 2861 crimen

191 2873 294 2928 τεκέων
309 2870 431 2943 ὀρφανοὶ
445 2875 578 2948 γέροντες.
602 2875 674 2927 conf.
725 2876 840 2942 effugiat.
864 2877 1001 2926 anntem
1016 2874 1215 2939 magis-incerta

190 2945 285 2996 Pind.
300 2948 340 2997 01.
357 2949 405 3010 IX,
421 2948 462 2999 65.
487 2947 526 2997 El.
540 2946 605 2997 914:
624 2938 676 3011 o'o·
727 2945 814 2996 omnia
826 2962 884 2995 esse
897 2943 1065 3009 intelligitur,
1082 2946 1215 3014 quodqui
1275 2978 1279 2983 ·

192 3009 288 3078 φανὴν
303 3016 387 3081 φίλου
401 3014 515 3084 πατρός.
536 3018 578 3067 Or.
595 3015 676 3068 1136:
726 3023 906 3065 tractaverunt
916 3012 968 3065 hoc
980 3029 1082 3062 carmen
1096 3029 1150 3063 uon
1162 3034 1215 3066 so-

190 3078 303 3146 νύμφας
338 3077 362 3136 τ’
401 3079 513 3151 ἔθηκαν
546 3080 696 3154 depende
727 3085 783 3134 lum
803 3084 872 3134 inter
892 3101 920 3133 se
939 3081 1107 3132 vehementer
1129 3083 1215 3136 dissi-

127 3156 131 3163 '
189 3148 344 3215 ξνναόρων.
729 3152 807 3214 dent,
831 3151 878 3201 sed
894 3168 980 3200 secum
995 3151 1072 3200 etiam
1089 3150 1139 3216 ipsi
1157 3169 1216 3218 pu-

224 3235 248 3267 ν.
259 3219 315 3269 164.
334 3225 402 3285 Apte
413 3220 494 3270 Pors
503 3236 542 3270 on
552 3238 588 3270 us
603 3237 678 3272 eom·
728 3229 816 3285 guent.
844 3221 956 3283 Etenim,
974 3237 1051 3284 quern
1065 3219 1214 3286 principem

188 3287 292 3354 paravit
305 3289 328 3335 H
338 3305 394 3337 om.
410 3287 442 3338 11.
460 3289 486 3357 β,
498 3289 563 3339 872:
583 3284 615 3347 δς
628 3287 678 3342 καὶ
726 3290 754 3339 in
767 3287 820 3338 hoc
833 3306 927 3353 genere
941 3288 1023 3348 dicas,
1041 3289 1228 3340 Hermam·-
1286 3298 1290 3305 ’

187 3351 292 3424 χρυσδν
306 3353 375 3424 ἔχων
386 3351 536 3424 πόλεμόνδ’
544 3355 595 3420 ἴεν,
606 3349 677 3423 ἠΰτε
726 3374 786 3406 nus
805 3374 885 3422 quum
899 3350 1135 3420 tres'proposuerit
1147 3375 1216 3421 con.

189 3423 286 3492 κούρη.
726 3424 853 3474 atitrrendi
869 3424 990 3473 carminis
1002 3424 1134 3485 rationes,
1153 3428 1214 3493 pri-¹

222 3494 317 3545 v.155.
337 3493 447 3542 Carmen
461 3490 524 3552 hoc,
543 3490 616 3557 quod
633 3509 677 3542 us·
725 3508 796 3542 mom
814 3491 841 3540 in
860 3491 978 3542 editione
999 3489 1076 3540 huius
1093 3492 1214 3565 fabulae,
1247 3506 1251 3513 “

190 3580 241 3630 que
255 3562 390 3615 advolo.
405 3559 530 3626 pertinet,
544 3575 577 3608 ex
589 3559 675 3624 pluri·
728 3560 824 3610 deinde
838 3559 864 3607 in
879 3560 940 3608 diss.
956 3557 988 3605 de
1001 3574 1048 3607 usu
1064 3562 1168 3614 antisti.
1184 3583 1212 3633 p.

189 3631 239 3683 bns
254 3641 375 3682 constare
384 3628 493 3694 paribus
506 3627 676 3693 stropharum
726 3629 762 3689 X,
785 3626 898 3691 denique
910 3624 1026 3676 inElem.
1036 3628 1121 3680 doctr.
1133 3643 1211 3693 metr.

189 3697 471 3763 etantistropharum,
497 3711 575 3745 nemo
595 3695 675 3747 facile
725 3714 751 3763 p.
766 3693 817 3744 738
829 3709 880 3756 sq..
899 3709 945 3742 eae
959 3711 1048 3746 omnes
1069 3692 1147 3750 vaide
1164 3703 1211 3753 in·
1253 3738 1258 3745 -

188 3768 226 3817 rei
239 3768 358 3818 scenicae
373 3764 475 3830 peritus
493 3762 605 3815 dubitet.
634 3766 675 3816 11-
726 3775 766 3814 ter
779 3777 807 3809 se
822 3759 963 3811 dissimiles
978 3775 1046 3815 sunt.
1073 3767 1211 3825 Diversum

187 3835 235 3886 lud
254 3853 318 3887 vero
339 3831 502 3902 perdifficile
524 3832 599 3882 dictu
625 3844 675 3899 est,
724 3830 855 3882 rationem
871 3830 949 3880 etiam
964 3834 1150 3887 Seidlerus'
1164 3839 1226 3890 in-'

188 3905 255 3972 quid
275 3905 310 3955 sit
325 3904 358 3952 ad
380 3901 560 3951 coniecturam
574 3902 675 3966 proba-
723 3900 757 3949 iit
771 3896 798 3945 in
814 3896 884 3948 libro
902 3899 935 3951 de
949 3901 1038 3954 Verss.
1059 3903 1165 3956 dochm.
1178 3913 1226 3975 p.-

187 3973 269 4026 bilius
281 3970 675 4038 exhis,quaemagnaoumopi·
723 3965 775 4018 99⁴
788 3982 857 4032 sqq„
877 3980 1012 4035 postremo
1027 3970 1210 4040 Reisigiu'e

186 4045 295 4097 nionum
307 4040 435 4094 varietate
452 4039 486 4090 de
498 4037 676 4106 antistrophi-
725 4036 752 4088 in
768 4035 885 4088 Gouiect.
901 4040 921 4089 1.
935 4055 961 4105 p.
977 4040 1028 4090 986
1042 4057 1100 4105 sqq.
1136 4044 1211 4103 Quid
1256 4036 1260 4042 ’

187 4131 219 4166 ce
238 4114 316 4167 huius
335 4109 443 4161 fabulae
464 4109 548 4178 partis
571 4108 676 4160 descri-
725 4105 850 4173 quaeris?
877 4119 977 4158 sextam
996 4110 1126 4174 quandam
1145 4111 1210 4169 for-2

175 4184 277 4251 ptioae
292 4185 501 4253 dirpntorerunt
519 4177 570 4231 riri
587 4178 674 4234 doctir
725 4192 794 4229 marn
806 4175 864 4246 ipro
883 4175 1115 4244 concinnaverant,
1133 4189 1212 4232 eam·-
