2610 4546
146 253 186 312 1e
361 329 364 335 ¹
532 246 847 316 neeimuis'

143 411 250 476 pideae,
276 410 371 477 poenit.
405 411 440 463 At
460 411 512 462 hec
529 412 636 478 quidem
655 419 841 479 argumentum
858 430 910 465 nen
925 415 1056 467 eiusmodi
1069 423 1116 482 eet,
1135 423 1164 469 ut

144 501 225 567 illud,
247 502 317 568 qued
338 502 398 554 iude
415 501 486 554 effici
506 506 613 567 velunt,
639 504 788 555 necessario
810 505 1065 557 concedendumait=
1084 484 1162 559 mede

145 593 308 659 reputaveris
325 611 376 644 nen
395 594 433 646 ita
449 595 557 646 Latinos
575 601 665 662 pectes
683 597 709 646 in
721 597 885 648 Graecorum
900 597 1092 664 exemplarium
1102 598 1162 649 irni-
1209 649 1214 658 ,

145 684 245 736 tutione
266 694 385 737 verentes
407 703 478 751 esee,
506 693 534 738 nt
558 689 668 739 verbnm
692 689 776 738 uerbo
798 689 938 742 redderent
959 706 1046 755 neque
1069 690 1104 741 ub
1122 706 1160 751 eo,

146 792 224 842 quem
236 777 331 827 ducem
345 778 478 844 plerisque
495 778 522 829 in
539 781 620 829 rebus
637 785 824 844 sequerentur,
845 781 872 831 in
889 780 951 832 aliie
967 780 1104 833 discedere
1118 781 1161 832 fue

145 868 279 920 ducerent.
315 868 407 934 Neque
430 871 518 920 maier
535 870 599 919 fides
618 886 756 931 versuum,
781 888 847 936 quos
864 888 896 921 ex
913 871 1010 924 Medea
1024 871 1160 940 Euripidi·

144 965 262 1027 sumptos
278 976 373 1027 margo
391 960 500 1012 Stouaei
514 966 639 1012 testatum
666 960 712 1026 qui
730 978 780 1012 uon
799 961 887 1014 oddite
905 979 990 1029 neque
1005 969 1099 1030 poetae
1114 980 1159 1015 ne·

143 1069 195 1119 quc
208 1050 320 1103 fabulae
332 1052 441 1102 nemine
453 1053 580 1119 leguntur
592 1053 661 1119 opud
677 1054 777 1103 Clcm.
791 1054 882 1105 Alex.
896 1055 1013 1122 Paedeg.
1026 1057 1049 1106 1.
1060 1075 1086 1122 p.
1100 1054 1158 1121 lut,

141 1141 184 1194 25.
218 1143 255 1194 ln*
267 1143 359 1195 codiee
373 1149 470 1194 antem*
484 1143 595 1194 Stobaei
608 1143 754 1196 Parieienei
773 1145 936 1212 adscriptum
952 1155 992 1199 eet
1009 1145 1111 1201 Beo'ree
1129 1147 1159 1202 dx

142 1236 278 1302 Μηδείας.
296 1235 390 1301 ltaque
407 1237 462 1288 siue
478 1236 520 1287 illi
539 1253 629 1286 vernus
648 1240 709 1287 sunl
725 1237 824 1287 Biuti
841 1237 986 1305 cuiusdam,
1006 1239 1038 1289 de
1050 1257 1104 1305 qne
1117 1240 1157 1291 ul-

30 1381 45 1402 ⁸
141 1328 182 1379 hil
199 1332 315 1390 constat,
338 1328 409 1394 eive,
431 1335 461 1381 ut
483 1328 634 1394 suspicetur
650 1329 858 1392 Elmeleiua,
883 1329 1048 1398 Dionysii
1067 1336 1156 1398 tyrun-

76 1437 78 1441 ·
140 1421 168 1472 ni
182 1421 218 1486 ⁶),
235 1427 306 1473 certe
319 1420 455 1486 Euripidir
471 1436 523 1470 nen
537 1419 783 1471 essecenlitendum
797 1426 844 1471 eit.
879 1421 1052 1488 lleeyclrii
1068 1421 1156 1472 lecum
1210 1458 1213 1465 »

139 1531 160 1566 e.
176 1530 202 1565 v.
214 1508 408 1565 Ἆπαιῶνιστον
431 1510 585 1578 corruptum
607 1527 665 1562 esee
689 1512 785 1563 collate
804 1512 861 1562 ced.
887 1511 975 1563 l'enet.
993 1512 1157 1565 intellectum

138 1613 192 1659 ente
218 1605 294 1657 cuiue
313 1603 473 1666 lectionem,
501 1609 528 1654 et
543 1603 629 1669 ipsam
647 1603 809 1667 mendosam,
828 1608 918 1655 utrum
935 1609 1007 1654 reete
1023 1592 1157 1656 relinxerit
1185 1641 1188 1644 -

63 1734 65 1741 ι
139 1697 340 1750 Elmsleiua
358 1712 448 1758 necne,
467 1712 517 1745 non
535 1694 666 1757 dixerim3
682 1696 750 1745 illud
759 1701 861 1746 certum
875 1701 924 1757 cst,
942 1695 1011 1745 nihil
1023 1711 1156 1747 cumcun·

139 1790 232 1857 tinere,
249 1788 320 1856 qued
337 1787 370 1839 ad
384 1785 507 1837 Medeam
524 1785 659 1851 Euripidis
681 1786 819 1851 pertinent·
852 1785 1025 1851 Relinquitur
1039 1768 1155 1839 testimo

138 1882 213 1934 nium
232 1879 324 1932 Schel.
345 1878 478 1943 Aristoplr.
496 1877 562 1928 rloh.
577 1876 645 1942 119„
664 1876 708 1943 qui
727 1878 760 1927 ed
777 1879 859 1928 uerba
876 1870 1033 1944 Comicizfd
1049 1876 1155 1948 θερμό-

137 1975 241 2043 βουλον
267 1967 396 2041 πρωκτὸν
418 1966 581 2038 ἐξυρημένε,
611 1969 678 2020 hoec
707 1968 856 2020 annotavit:
891 1969 1022 2040 neqqedlqc
1046 1971 1154 2039 χρῆται.

136 2063 191 2120 ἔστι
214 2061 268 2134 γὰρ
291 2061 322 2116 ἐν
345 2063 380 2133 τῇ
401 2062 516 2133 Μηδείᾳ
534 2055 705 2130 Εὐριπίδου·
732 2052 965 2131 ὦθερμόβουλον
988 2060 1153 2130 σπλάγχνον.

137 2160 196 2210 Hoc
216 2157 301 2225 igitur
317 2171 369 2206 une
387 2162 496 2207 auctore
510 2171 561 2205 nen
579 2155 658 2204 crede
677 2161 811 2219 repertum
829 2153 863 2204 iri
881 2153 927 2219 qui
944 2154 1066 2206 secundis
1084 2155 1154 2207 curio

136 2256 283 2302 correctum
306 2247 438 2298 exstitisse
459 2247 581 2297 Medeam
607 2244 762 2311 existimet„
777 2261 863 2310 neque
883 2245 989 2312 dubito,
1012 2247 1091 2312 quin,
1109 2232 1163 2312 qui*

135 2343 201 2394 istos
215 2338 336 2390 hemines
354 2337 438 2402 norit,
456 2336 586 2387 memoria
600 2338 703 2402 lapsum
723 2351 780 2386 esse
791 2336 969 2388 Scholiastam
983 2338 1054 2388 lllrn
1064 2337 1153 2390 eleie

136 2433 271 2487 concedet.

204 2525 256 2578 Sed
280 2539 313 2574 ne
336 2523 380 2574 cui
405 2522 477 2573 iuste
494 2521 654 2574 morosiores
675 2521 703 2572 in
720 2522 881 2588 repudianda
899 2522 999 2590 duplici
1015 2521 1096 2573 liuius
1112 2523 1152 2572 lu·

136 2621 218 2672 lrulae
242 2616 357 2668 editione
374 2615 525 2682 videamur,
543 2615 635 2666 demna
652 2631 711 2666 cese
727 2616 854 2668 nonnullo
871 2632 977 2678 eorum,
995 2631 1064 2681 quae
1080 2630 1152 2664 cem-

136 2707 352 2773 memernvimus‚
370 2707 443 2770 tulin,
461 2707 489 2757 in
506 2707 604 2772 quibus
621 2708 826 2758 emendatricem
843 2714 936 2773 poetae
947 2724 1055 2759 monum
1069 2696 1156 2774 ugness

137 2819 211 2854 scere
227 2800 315 2853 licent.
350 2800 420 2850 lllud
439 2800 556 2866 prolecto
573 2797 632 2848 inre
650 2799 823 2865 postulamus,
839 2805 868 2850 ut
878 2814 960 2849 unium
975 2805 1046 2849 certe
1057 2798 1152 2850 effern-

40 2950 43 2959 ,
136 2904 180 2951 tur
196 2892 326 2947 eiusmodi
343 2890 626 2958 argumentumque
643 2889 823 2956 exceptionem
840 2907 893 2942 nou
910 2891 1035 2957 potiatur.
1054 2889 1151 2965 Viden-

136 2992 199 3042 dum
216 2988 315 3056 igitur,
341 2990 448 3048 utrum,
474 3000 543 3051 quoe
566 2999 619 3034 unu
636 2983 741 3049 reliqua
760 2989 800 3034 est
817 2999 849 3034 ex
866 2982 1015 3035 rationibus
1033 2982 1152 3058 virerum

134 3084 272 3133 deuterum
292 3080 329 3145 ⁷),
348 3084 483 3130 nutantem
502 3078 589 3127 ndhuc
606 3076 704 3128 librum
721 3076 851 3128 inclinare
869 3075 959 3142 possit.
994 3071 1089 3124 Refert
1104 3088 1151 3122 an-

133 3173 255 3226 ctoritate
273 3168 439 3221 Parmenisci
453 3167 545 3218 Schel.
556 3168 591 3217 nd
603 3184 630 3219 v.
644 3167 685 3216 le.
698 3168 869 3234 Euripidem,
887 3167 1004 3233 quinque
1023 3165 1151 3215 talentum

133 3262 255 3318 mercede
276 3264 429 3326 corruptum
446 3276 463 3311 a
478 3259 640 3325 Corinthiis,
657 3260 764 3311 caedem
782 3261 931 3310 liberorum
947 3255 1066 3314 Medeon,
1085 3271 1151 3316 quoe

134 3360 169 3411 ab
186 3355 250 3423 ipsis
264 3350 417 3403 interfectos
429 3349 552 3417 vulgaria
563 3350 655 3402 tabula
665 3351 760 3411 ferret,
776 3349 802 3398 in
813 3352 924 3396 matrem
938 3342 1150 3409 transtulieee8),

136 3476 337 3492 „,„-.....-

152 3524 181 3591 ⁶)
199 3524 238 3572 De
260 3519 337 3569 huius
362 3517 507 3582 tragoediis
533 3517 635 3569 erudite
659 3509 1016 3581 disputavitMeinelius
1044 3509 1076 3558 ud
1097 3511 1150 3560 Eu-

105 3640 111 3647 ,
154 3660 182 3725 ⁷)
200 3587 510 3722 didiscitpuirirgersqdliam
529 3654 659 3704 tutionem
676 3650 877 3714 Welperus,
902 3645 1005 3694 ductam
1025 3662 1057 3694 ex
1075 3644 1146 3693 Ari·

201 3744 218 3856 q
222 3736 233 3775 t
242 3742 260 3842 q
261 3733 295 3841 ὃὸ
302 3724 376 3772 Peet.
398 3722 446 3783 16„
465 3739 541 3788 quern
558 3721 684 3770 refutavit
698 3719 839 3766 Hermen
848 3731 908 3763 nus
923 3712 956 3763 nd
969 3712 1061 3762 Elmel.
1078 3711 1148 3762 Med.

152 3860 181 3926 ⁸)
199 3856 411 3975 iiierdmeidalill.
426 3856 458 3986 ζ.
477 3855 639 3974 ilddviliieirr.
659 3848 952 3982 ΡΙῗτΞΙιιῖιῗαῖΕξιΙέἰρῧίἰὶθῧῷ
975 3847 1148 3964 lioidlinoilier·

202 3994 275 4042 deam
294 3989 464 4055 parricidium
483 3988 627 4039 contulisse
644 3995 704 4035 stunt
731 3987 775 4050 qui
792 3985 943 4036 Aristotelis
965 3998 1070 4049 quoqne
1088 3980 1149 4029 leco

204 4061 278 4111 Peet.
292 4058 332 4108 15.
352 4056 498 4109 confirmari
517 4055 674 4106 existiment.
710 4054 828 4105 Artifices
847 4071 893 4103 cnr
910 4049 1060 4116 Euripidem
1072 4064 1148 4114 quem
