2610 4546
553 241 770 308 HECUBAE

149 409 226 485 ov’d'
251 408 375 484 άλισέν
399 436 438 502 με
466 405 565 496 Ζεύς,
590 404 704 500 τρέφει
728 400 769 493 δ’,
793 399 887 494 ὅπως
910 403 984 502 doni

148 519 260 586 κακῶν
284 509 359 584 κάκ’
386 506 471 583 άλλα
495 505 617 602 μείζον’
641 505 664 605 ἡ
689 503 815 578 τάλαιν’
837 502 911 603 ἐγώ.

149 618 178 688 εἰ
202 613 232 688 ‹l’
255 616 322 691 ἔστι
346 620 416 702 τοῖς
441 612 597 685 δούλοισι
620 605 705 697 τούς
730 609 935 705 ἐλευθέραις

148 713 195 814 μή
223 712 335 811 λυπρά
361 715 444 813 μηδὲ
468 715 609 809 καρδίας
633 709 795 808 ὁηκτήρια

148 817 366 916 ἐξιστορῆσαι,
393 818 448 889 σολ
472 817 532 909 μὶν
557 817 715 908 εἰρῆσθαι
739 807 855 906 χρεών,

147 917 235 1018 ἡμᾶς
259 919 289 994 d'
314 918 461 993 οἰκοῦσαι
485 913 568 1007 τούς
594 917 782 1010 ἐρωτῶντας
805 911 893 998 τάλα.

493 1053 824 1126 ΟΛΥΣΣΕΥΣ

145 1168 254 1261 ἔξεστ’,
279 1171 395 1267 loaisa·
421 1176 485 1245 τοῦ
508 1170 635 1266 χρόνον
659 1164 723 1264 γάρ
747 1163 794 1241 ori
817 1169 950 1262 φθονοῖ.
1053 1230 1064 1242 ,

556 1306 758 1376 nurum
823 1390 827 1396 ¹

122 1418 247 1510 ,οάσθζ
272 1420 360 1520 ήνάά
385 1412 490 1521 ἦλθες
512 1421 613 1495 Ἷλάου
636 1419 858 1506 κατάσκοπος,

145 1527 338 1624 δνςχλαινίμ
361 1522 389 1596 τ’
414 1522 579 1620 ἄμορφος,
605 1521 760 1617 ὀμμάτων
784 1517 812 1594 τ’
837 1515 905 1590 dato

145 1625 260 1720 φόνον
285 1629 466 1723 σταλαμμολ
492 1624 559 1723 σάν
583 1625 787 1716 κατέσταζον
809 1620 929 1715 γέννας

1094 1521 1170 1596 240

213 1811 238 1845 v.
258 1794 319 1857 240,
337 1793 395 1847 241.
422 1793 450 1843 M
459 1813 474 1844 u
484 1811 547 1862 sgr.
563 1793 633 1845 coni.
648 1788 735 1847 δόλον
750 1785 911 1855 σιαλαμμολ,
929 1787 1104 1837 Porsenna
1116 1783 1171 1853 φό-

144 1862 197 1932 βον
213 1864 374 1930 σταλαγμοί.
399 1864 538 1914 Hermon
547 1881 562 1912 n
572 1881 617 1928 us,
637 1857 884 1928 interpretationem
901 1854 1037 1934 amplexus
1052 1858 1064 1904 1
1071 1872 1085 1903 a
1094 1855 1170 1935 colt-

145 1932 206 1996 sii,
225 1941 322 1992 tumen,
341 1932 413 1997 qnod
426 1932 559 1997 sanguinis
572 1941 661 1996 guttae
677 1948 710 1980 ex
724 1928 824 1994 capite,
844 1942 897 1974 non
909 1941 941 1973 ex
953 1922 1054 1985 oeulis,
1073 1921 1169 1973 destul-

146 1998 200 2048 lare
219 2000 346 2048 dicendae
360 2000 468 2063 fuerint,
482 1998 534 2048 hoc
545 1999 627 2048 modo
639 2007 786 2048 correctum
800 1993 885 2042 edidit
896 1991 967 2040 hunc
981 2008 1099 2071 versump
1116 1987 1168 2072 άμ-

143 2064 242 2132 μάτων
256 2061 287 2116 θ’
299 2062 366 2117 άπὸ
385 2062 477 2128 φόνον
490 2065 643 2130 σταλαγμολ
656 2061 708 2130 τὴν
720 2059 889 2141 κατέσταζρν
902 2057 991 2125 γένυν.
1010 2075 1026 2106 1.
1044 2075 1066 2107 e.
1081 2076 1170 2126 ομμα-

145 2153 203 2186 των
218 2132 370 2199 σιαλαγμολ
382 2128 439 2185 alud
450 2130 542 2199 φόνον
556 2133 585 2199 li.
599 2150 625 2199 q.
639 2129 710 2200 μετὰ
722 2127 827 2198 φόνον)
836 2142 889 2194 αρτ
900 2125 1169 2193 κατέαταζονγέννν.

144 2248 252 2297 Troiam
269 2248 386 2313 ingresso
409 2257 449 2298 est
463 2250 631 2299 Homerus
680 2247 721 2297 De
737 2243 823 2296 Furiis
836 2242 1034 2312 Aeschylus
1049 2243 1168 2312 Choeph.

145 2317 240 2381 Odyss.
250 2316 334 2376 &242
343 2334 400 2384 sqq.
421 2316 455 2366 cf.
469 2317 630 2384 Lycophr.
682 2315 763 2367 1045:
789 2307 842 2378 κάξ
863 2308 998 2380 ὀμμάτων
1019 2308 1168 2375 ascitorum

143 2383 260 2451 779sqq.
279 2385 465 2450 versatum.
480 2385 561 2436 scribi
576 2403 630 2453 po·
680 2381 751 2451 αἷμα
779 2381 918 2445 dormella.
961 2381 1014 2431 Sed
1032 2379 1083 2432 hoc
1104 2381 1167 2434 loco

145 2460 226 2501 terat:
251 2447 386 2520 ὀμμάτων
405 2447 430 2506 τ’
454 2449 512 2506 dno
535 2450 629 2518 φόνον
678 2447 813 2519 ὀμμάτων
829 2447 887 2503 Suo
905 2450 992 2500 minus
1011 2451 1166 2515 urgendum,

142 2523 312 2586 σταλαγμοῖς
323 2519 376 2588 σὴν
389 2520 573 2586 καταστάζων
585 2521 629 2589 με’-
679 2524 766 2603 neque
778 2521 831 2587 ipsi
843 2519 925 2583 magis
939 2517 1020 2582 oculi,
1040 2534 1117 2583 quarn
1130 2515 1167 2572 rol

142 2606 194 2641 ννν
212 2589 262 2657 (cl.
270 2591 306 2639 W
313 2599 410 2656 ytten
420 2590 445 2640 b.
455 2591 488 2639 ad
497 2590 629 2641 Plutarch.

142 2657 174 2707 T.
185 2658 205 2706 Ι.
213 2676 238 2724 p.
248 2658 333 2720 osu),
353 2658 434 2725 idque
451 2658 485 2709 ad
498 2676 629 2725 gramma·

142 2725 221 2776 ticam
243 2727 382 2779 rationem*
395 2728 489 2794 paullo
518 2746 629 2785 accura-

141 2795 210 2846 tius:
227 2813 304 2859 nune,
319 2796 392 2863 quod
405 2796 468 2847 alibi
479 2796 559 2847 etiam
571 2797 630 2848 fieri

88 2906 93 2924 ,
142 2864 309 2915 observatum
333 2874 372 2914 est
393 2864 430 2916 ad
448 2866 520 2916 Med.
540 2884 567 2916 v.
587 2866 630 2927 ll,

142 2932 233 2982 intulit
251 2932 358 2982 verbum
376 2932 492 2993 finitum,
513 2951 628 2999 ususque

141 3001 218 3050 simul
237 3010 277 3049 est
290 3000 342 3048 alia
355 2999 556 3049 constructione
570 3017 629 3049 ver·

140 3068 169 3116 bi
187 3063 385 3132 καταστάζειν,
412 3085 462 3133 qua
484 3066 629 3117 referretur

140 3134 174 3184 ad
195 3133 356 3200 σταλαγμοί.
392 3135 444 3184 Sed
462 3134 515 3186 hoc
534 3135 628 3202 leuius,

141 3219 191 3252 nec
210 3202 386 3262 monuissem,
410 3203 463 3252 nisi
481 3204 628 3254 cavendum

141 3271 285 3334 videretur,
296 3289 328 3322 ne
341 3288 417 3337 quem
432 3272 459 3321 iu
468 3283 556 3338 partes
571 3283 627 3324 tra-

139 3339 216 3391 heret
235 3342 428 3402 Porsenna,
451 3341 525 3407 prius
546 3357 578 3393 ce
603 3341 627 3392 ai

141 3410 184 3459 cui
198 3409 363 3476 displiceret,
378 3409 431 3475 legi
444 3426 523 3473 posse
534 3409 626 3460 existi-

139 3494 213 3527 mans
228 3478 416 3546 δνσχλαινίαις
428 3475 567 3549 ἄμορφος.
585 3479 626 3528 11-

139 3542 187 3594 lud
197 3544 267 3597 haud
276 3548 381 3614 exiguas
390 3549 563 3614 interpretum
571 3556 634 3597 tur-·

139 3612 186 3662 bas
202 3616 338 3680 excitavit,
358 3633 485 3684 quaenam
499 3627 569 3667 esset
584 3615 625 3666 his

137 3682 242 3748 verbis,
267 3678 401 3751 άμμάτων
418 3680 441 3739 τ’
456 3679 512 3739 duo
530 3714 564 3725 —
576 3681 626 3752 γέ·

137 3769 200 3818 ννν,
217 3753 349 3804 sententia
365 3755 492 3806 subiecta.
517 3757 556 3805 Ac
568 3753 625 3822 ple·

137 3822 213 3890 rique
228 3823 479 3888 corruptnmlocuru
492 3823 627 3874 iudicave-

137 3900 215 3940 runt:
231 3907 343 3957 quorum
359 3892 527 3942 coniecturae
543 3909 626 3960 expo·

138 3959 204 4008 sitae
218 3959 319 4008 suntin
335 3959 397 4008 Var.
410 3959 485 4010 Lect.
517 3962 564 4012 Est
577 3977 625 4011 re-

136 4043 177 4090 so,
192 4045 232 4076 me
247 4027 345 4091 iudice,
363 4027 516 4078 sanissimus
526 4039 552 4079 et
565 4045 625 4080 eum

136 4096 217 4145 laco
227 4096 307 4147 bsio
326 4095 501 4163 explicandus
516 4097 549 4148 de
561 4114 624 4148 cor-

138 4162 213 4228 poris
229 4162 403 4232 laceratione,
416 4182 478 4232 qua,
496 4181 529 4215 ne
541 4183 624 4231 agno·

136 4241 267 4297 meretur,
293 4251 357 4286 osus
372 4243 428 4286 tum
449 4243 507 4288 erat
523 4233 627 4289 Ulixes.

678 2586 795 2642 νκιάτιια
809 2586 990 2651 intelligenda.
1016 2586 1125 2650 Egregie
1138 2587 1165 2636 in

680 2658 748 2707 hanc
767 2673 823 2706 rem
840 2656 906 2706 facit
928 2654 1012 2721 lphig.
1027 2653 1059 2703 T.
1082 2655 1163 2706 1373:
1235 2668 1238 2676 ’

680 2723 836 2793 ἐφεύγομεν
847 2722 917 2794 πρὸς
930 2743 946 2775 κ
965 2716 1064 2790 ημνόν,
1077 2721 1105 2775 ol
1116 2719 1168 2789 μὲν
1269 2750 1274 2756 ·

679 2792 709 2849 ἐν
724 2793 798 2866 κάρᾳ
810 2790 940 2855 Κάθαιμ’
949 2740 1061 2859 izoem
1076 2789 1167 2861 τραύ-

678 2863 759 2931 μαθ’,
778 2855 845 2916 otd'
861 2860 891 2915 ἐν
904 2858 1033 2928 ὄμμασιν.
1058 2863 1094 2921 le,
1109 2878 1167 2910 cre-

680 2933 726 2995 do,
743 2931 851 2981 habitus
867 2940 946 2997 atque
965 2947 995 2979 ea
1010 2928 1165 2980 deformitas

681 3000 734 3049 oris
752 2998 907 3048 verberibus
921 2998 989 3048 caesi
1002 2997 1099 3047 decent
1110 2996 1167 3047 ho·
1263 3005 1265 3010 '

678 3067 774 3116 minem
790 3065 895 3117 infimae
911 3066 1001 3128 sortis,
1020 3065 1095 3117 cuius
1107 3075 1164 3116 tum

678 3135 773 3186 falsam
787 3136 902 3201 speciem
910 3131 1051 3196 πολύτλας
1063 3134 1110 3184 ille
1123 3134 1165 3184 iu-

678 3203 780 3255 duerat.
800 3204 853 3254 Sed
861 3203 926 3255 haec
934 3203 1070 3254 hactenus.
1085 3203 1164 3254 Com-

677 3272 846 3337 memoranda
860 3283 902 3324 est
916 3275 986 3322 enim
1000 3273 1164 3337 interpreta-

676 3342 715 3391 tio
730 3342 830 3408 Schol.,
849 3358 928 3410 quam
943 3358 1027 3409 nuper
1048 3357 1163 3392 exorna-

676 3409 1163 3474 ritBoissonadius,cniassen·

676 3479 742 3528 titur
767 3479 991 3531 Mattlriaeus.
1037 3472 1081 3530 Τά
1107 3471 1162 3528 dni·

676 3563 757 3616 κρννι,
776 3546 878 3614 inquit,
904 3539 924 3600 ά
942 3544 1007 3600 τότε
1026 3543 1042 3598 0¹
1059 3538 1160 3598 Ὀδνσ-
1259 3558 1262 3563 ’

675 3612 741 3677 cerie
760 3612 877 3683 ἐδάκρυε
893 3614 1049 3684 φωραθείς,
1067 3609 1162 3679 φόνον

676 3682 787 3754 δάκρυα
804 3674 848 3752 ἦν·
872 3681 964 3738 ἔκλαιε
981 3681 1043 3754 γάρ,
1063 3679 1161 3751 ἐπειδὴ

674 3749 727 3876 iii
740 3745 1162 3892 t‘tllttltltttl'rll‘:

675 3887 786 3961 δάκρυά
805 3908 912 3959 φαμεν,
936 3874 1026 3958 iinon
1044 3884 1160 3958 φονικά.

676 3959 875 4012 Proverbialem
905 3960 1089 4029 loquutionem
1115 3956 1162 4017 αἴ-

674 4048 743 4099 ματι
755 4028 860 4082 κλαίειν
869 4026 1161 4080 commemorantPho·

675 4097 903 4165 tiusEpist.138.
919 4095 1162 4165 Apostolddag.

673 4171 695 4229 1,
709 4168 751 4219 85.
770 4167 912 4217 Belrker.
926 4165 1177 4222 lanecdssmm-

676 4238 793 4308 ῧὸῑιᾲῧ.
807 4235 966 4288 annau.
977 4226 1198 4288 maneam·
1273 4304 1276 4309 Ι

816 4304 879 4370 Q*
