<?xml version="1.0" encoding="UTF-8"?>
<!DOCTYPE html PUBLIC "-//W3C//DTD XHTML 1.0 Transitional//EN"
    "http://www.w3.org/TR/xhtml1/DTD/xhtml1-transitional.dtd">
<html xmlns="http://www.w3.org/1999/xhtml" xml:lang="en" lang="en">
 <head>
  <title>
</title>
<meta http-equiv="Content-Type" content="text/html;charset=utf-8" />
  <meta name='ocr-system' content='tesseract 3.04.00' />
  <meta name='ocr-capabilities' content='ocr_page ocr_carea ocr_par ocr_line ocrx_word'/>
</head>
<body>
  <div class='ocr_page' id='page_1' title='image "./euripidistragoe00weckgoog_0096.png"; bbox 0 0 2610 4546; ppageno 0'>
   <div class='ocr_carea' id='block_1_1' title="bbox 521 238 1139 306">
    <p class='ocr_par' dir='ltr' id='par_1_1' title="bbox 521 238 1139 306">
     <span class='ocr_line' id='line_1_1' title="bbox 521 238 1139 306; baseline 0.005 -3"><span class='ocrx_word' id='word_1_1' title='bbox 521 238 706 303; x_wconf 68' lang='lat' dir='ltr'>linono.</span> <span class='ocrx_word' id='word_1_2' title='bbox 1098 243 1139 306; x_wconf 77' lang='grc' dir='ltr'>’ῖῦ</span> 
     </span>
    </p>
   </div>
   <div class='ocr_carea' id='block_1_2' title="bbox 111 402 1135 1473">
    <p class='ocr_par' dir='ltr' id='par_1_2' title="bbox 138 402 731 495">
     <span class='ocr_line' id='line_1_2' title="bbox 138 402 731 495; baseline -0.007 -23"><span class='ocrx_word' id='word_1_3' title='bbox 138 490 143 495; x_wconf 36' lang='grc'><em>,</em></span> <span class='ocrx_word' id='word_1_4' title='bbox 533 402 731 470; x_wconf 70' lang='grc' dir='ltr'>ΜΗΛΕΙΑ.</span> 
     </span>
    </p>

    <p class='ocr_par' dir='ltr' id='par_1_3' title="bbox 112 494 1135 669">
     <span class='ocr_line' id='line_1_3' title="bbox 112 494 1135 601; baseline 0.005 -29"><span class='ocrx_word' id='word_1_5' title='bbox 112 498 198 595; x_wconf 77' lang='grc' dir='ltr'><strong><em>πρὸς</em></strong></span> <span class='ocrx_word' id='word_1_6' title='bbox 221 503 321 586; x_wconf 76' lang='grc' dir='ltr'><strong><em>θεῶν,</em></strong></span> <span class='ocrx_word' id='word_1_7' title='bbox 347 495 449 586; x_wconf 70' lang='grc' dir='ltr'><strong><em>ἄπαις</em></strong></span> <span class='ocrx_word' id='word_1_8' title='bbox 473 494 536 592; x_wconf 74' lang='grc' dir='ltr'>γὰρ</span> <span class='ocrx_word' id='word_1_9' title='bbox 561 496 654 590; x_wconf 77' lang='grc' dir='ltr'>δεῦρ’</span> <span class='ocrx_word' id='word_1_10' title='bbox 680 496 864 587; x_wconf 70' lang='lat' dir='ltr'>deletione</span> <span class='ocrx_word' id='word_1_11' title='bbox 887 499 981 593; x_wconf 70' lang='grc' dir='ltr'><strong><em>βίους</em></strong></span> <span class='ocrx_word' id='word_1_12' title='bbox 1060 507 1135 601; x_wconf 85' lang='grc'><strong>670</strong></span> 
     </span>
     <span class='ocr_line' id='line_1_4' title="bbox 531 603 721 669; baseline 0 -1"><span class='ocrx_word' id='word_1_13' title='bbox 531 603 721 669; x_wconf 74' lang='grc' dir='ltr'><strong>ΑΙΓΕΥΣ.</strong></span> 
     </span>
    </p>

    <p class='ocr_par' dir='ltr' id='par_1_4' title="bbox 115 694 786 869">
     <span class='ocr_line' id='line_1_5' title="bbox 115 694 786 790; baseline 0 -22"><span class='ocrx_word' id='word_1_14' title='bbox 115 694 253 786; x_wconf 71' lang='grc' dir='ltr'><strong><em>ἄπαιδές</em></strong></span> <span class='ocrx_word' id='word_1_15' title='bbox 277 696 372 790; x_wconf 80' lang='grc' dir='ltr'><strong><em>ἐσμεν</em></strong></span> <span class='ocrx_word' id='word_1_16' title='bbox 397 695 555 790; x_wconf 77' lang='grc' dir='ltr'><strong><em>δαίμονός</em></strong></span> <span class='ocrx_word' id='word_1_17' title='bbox 578 724 667 785; x_wconf 78' lang='grc' dir='ltr'><strong><em>τινος</em></strong></span> <span class='ocrx_word' id='word_1_18' title='bbox 691 695 786 790; x_wconf 72' lang='grc' dir='ltr'><strong>τύχῃ.</strong></span> 
     </span>
     <span class='ocr_line' id='line_1_6' title="bbox 523 803 721 869; baseline -0.005 0"><span class='ocrx_word' id='word_1_19' title='bbox 523 803 721 869; x_wconf 83' lang='grc' dir='ltr'><strong>ΜΗΛΕΙΑ.</strong></span> 
     </span>
    </p>

    <p class='ocr_par' dir='ltr' id='par_1_5' title="bbox 114 893 865 1073">
     <span class='ocr_line' id='line_1_7' title="bbox 114 893 865 995; baseline 0.004 -27"><span class='ocrx_word' id='word_1_20' title='bbox 114 896 278 992; x_wconf 75' lang='grc' dir='ltr'><strong><em>δάμαρτος</em></strong></span> <span class='ocrx_word' id='word_1_21' title='bbox 302 893 421 995; x_wconf 81' lang='grc' dir='ltr'><em>οὔσης,</em></span> <span class='ocrx_word' id='word_1_22' title='bbox 446 893 472 994; x_wconf 77' lang='grc' dir='ltr'><strong><em>ἢ</em></strong></span> <span class='ocrx_word' id='word_1_23' title='bbox 496 899 616 992; x_wconf 76' lang='grc' dir='ltr'><strong><em>λέχους</em></strong></span> <span class='ocrx_word' id='word_1_24' title='bbox 640 895 776 993; x_wconf 70' lang='grc' dir='ltr'><strong><em>ἄπειρος</em></strong></span> <span class='ocrx_word' id='word_1_25' title='bbox 799 895 865 980; x_wconf 70' lang='grc' dir='ltr'>ὤας</span> 
     </span>
     <span class='ocr_line' id='line_1_8' title="bbox 529 1002 719 1073; baseline 0.005 -1"><span class='ocrx_word' id='word_1_26' title='bbox 529 1002 719 1073; x_wconf 71' lang='grc' dir='ltr'><strong>ΑΙΓΕΥΣ.</strong></span> 
     </span>
    </p>

    <p class='ocr_par' dir='ltr' id='par_1_6' title="bbox 112 1087 771 1273">
     <span class='ocr_line' id='line_1_9' title="bbox 112 1087 771 1197; baseline -0.003 -26"><span class='ocrx_word' id='word_1_27' title='bbox 112 1097 178 1173; x_wconf 75' lang='grc' dir='ltr'>οὐκ</span> <span class='ocrx_word' id='word_1_28' title='bbox 207 1100 302 1194; x_wconf 71' lang='grc' dir='ltr'><strong><em>ἐσμὲν</em></strong></span> <span class='ocrx_word' id='word_1_29' title='bbox 328 1097 429 1197; x_wconf 74' lang='grc' dir='ltr'><strong><em>εὐνῆς</em></strong></span> <span class='ocrx_word' id='word_1_30' title='bbox 454 1087 573 1196; x_wconf 72' lang='grc' dir='ltr'><strong><em>ἄζυγες</em></strong></span> <span class='ocrx_word' id='word_1_31' title='bbox 596 1100 719 1196; x_wconf 65' lang='lat' dir='ltr'>papuli</span> <span class='ocrx_word' id='word_1_32' title='bbox 763 1154 771 1170; x_wconf 92' lang='lat'><strong>.</strong></span> 
     </span>
     <span class='ocr_line' id='line_1_10' title="bbox 531 1206 760 1273; baseline -0.013 0"><span class='ocrx_word' id='word_1_33' title='bbox 531 1206 728 1273; x_wconf 78' lang='grc' dir='ltr'>ΜΗΛΕΙΑ.</span> <span class='ocrx_word' id='word_1_34' title='bbox 756 1207 760 1215; x_wconf 79' lang='lat'>&#39;</span> 
     </span>
    </p>

    <p class='ocr_par' dir='ltr' id='par_1_7' title="bbox 111 1295 849 1473">
     <span class='ocr_line' id='line_1_11' title="bbox 111 1295 849 1396; baseline 0.001 -27"><span class='ocrx_word' id='word_1_35' title='bbox 111 1299 144 1369; x_wconf 80' lang='lat' dir='ltr'>ci</span> <span class='ocrx_word' id='word_1_36' title='bbox 168 1303 253 1396; x_wconf 76' lang='grc' dir='ltr'><strong><em>δῆσα</em></strong></span> <span class='ocrx_word' id='word_1_37' title='bbox 279 1304 405 1392; x_wconf 85' lang='grc' dir='ltr'><strong><em>Φοῖβος</em></strong></span> <span class='ocrx_word' id='word_1_38' title='bbox 430 1295 499 1371; x_wconf 77' lang='lat' dir='ltr'>sini</span> <span class='ocrx_word' id='word_1_39' title='bbox 524 1318 580 1373; x_wconf 83' lang='grc' dir='ltr'>σοι</span> <span class='ocrx_word' id='word_1_40' title='bbox 602 1301 732 1374; x_wconf 73' lang='grc' dir='ltr'><strong><em>παίδων</em></strong></span> <span class='ocrx_word' id='word_1_41' title='bbox 755 1298 849 1392; x_wconf 72' lang='grc' dir='ltr'><strong><em>σέρις</em></strong></span> 
     </span>
     <span class='ocr_line' id='line_1_12' title="bbox 530 1405 718 1473; baseline 0.011 -2"><span class='ocrx_word' id='word_1_42' title='bbox 530 1405 718 1473; x_wconf 75' lang='grc' dir='ltr'><strong>ΑΙΓΕΥΣ.</strong></span> 
     </span>
    </p>
   </div>
   <div class='ocr_carea' id='block_1_3' title="bbox 35 1494 850 1596">
    <p class='ocr_par' dir='ltr' id='par_1_8' title="bbox 35 1494 850 1596">
     <span class='ocr_line' id='line_1_13' title="bbox 35 1494 850 1596; baseline -0.001 -26"><span class='ocrx_word' id='word_1_43' title='bbox 35 1546 42 1558; x_wconf 41' lang='lat' dir='ltr'>x</span> <span class='ocrx_word' id='word_1_44' title='bbox 112 1495 273 1594; x_wconf 72' lang='lat' dir='ltr'>oopdcap’</span> <span class='ocrx_word' id='word_1_45' title='bbox 297 1494 323 1596; x_wconf 75' lang='grc' dir='ltr'><strong><em>ἢ</em></strong></span> <span class='ocrx_word' id='word_1_46' title='bbox 347 1496 419 1570; x_wconf 75' lang='grc' dir='ltr'><strong><em>κατ’</em></strong></span> <span class='ocrx_word' id='word_1_47' title='bbox 444 1496 550 1594; x_wconf 79' lang='grc' dir='ltr'><strong><em>ἄνδρα</em></strong></span> <span class='ocrx_word' id='word_1_48' title='bbox 575 1504 756 1594; x_wconf 73' lang='grc' dir='ltr'><strong><em>συμβαλεῖν</em></strong></span> <span class='ocrx_word' id='word_1_49' title='bbox 779 1499 850 1596; x_wconf 72' lang='grc' dir='ltr'>ἴση.</span> 
     </span>
    </p>
   </div>
   <div class='ocr_carea' id='block_1_4' title="bbox 1060 1508 1134 1578">
    <p class='ocr_par' dir='ltr' id='par_1_9' title="bbox 1060 1508 1134 1578">
     <span class='ocr_line' id='line_1_14' title="bbox 1060 1508 1134 1578; baseline -0.041 0"><span class='ocrx_word' id='word_1_50' title='bbox 1060 1508 1134 1578; x_wconf 84' lang='grc'><strong>676</strong></span> 
     </span>
    </p>
   </div>
   <div class='ocr_carea' id='block_1_5' title="bbox 111 1606 931 1797">
    <p class='ocr_par' dir='ltr' id='par_1_10' title="bbox 111 1606 931 1797">
     <span class='ocr_line' id='line_1_15' title="bbox 530 1606 931 1686; baseline 0.007 -14"><span class='ocrx_word' id='word_1_51' title='bbox 530 1606 727 1672; x_wconf 82' lang='grc' dir='ltr'><strong>ΜΗΛΕΙΑ.</strong></span> <span class='ocrx_word' id='word_1_52' title='bbox 930 1682 931 1686; x_wconf 7' lang='grc' dir='ltr'>η</span> 
     </span>
     <span class='ocr_line' id='line_1_16' title="bbox 111 1695 859 1797; baseline 0.005 -30"><span class='ocrx_word' id='word_1_53' title='bbox 111 1697 208 1791; x_wconf 81' lang='grc' dir='ltr'><strong><em>θέμις</em></strong></span> <span class='ocrx_word' id='word_1_54' title='bbox 232 1698 291 1790; x_wconf 58' lang='grc' dir='ltr'>μὲν</span> <span class='ocrx_word' id='word_1_55' title='bbox 315 1695 405 1796; x_wconf 74' lang='grc' dir='ltr'>ἡμᾶς</span> <span class='ocrx_word' id='word_1_56' title='bbox 430 1698 581 1797; x_wconf 81' lang='grc' dir='ltr'><strong><em>χρησμὸν</em></strong></span> <span class='ocrx_word' id='word_1_57' title='bbox 605 1701 725 1776; x_wconf 68' lang='grc' dir='ltr'><strong><em>εἰδέναι</em></strong></span> <span class='ocrx_word' id='word_1_58' title='bbox 749 1704 839 1772; x_wconf 80' lang='grc' dir='ltr'><strong>θεοῦ</strong></span> <span class='ocrx_word' id='word_1_59' title='bbox 846 1726 859 1780; x_wconf 85' lang='grc'>,·</span> 
     </span>
    </p>
   </div>
   <div class='ocr_carea' id='block_1_6' title="bbox 110 1993 1135 2336">
    <p class='ocr_par' dir='ltr' id='par_1_11' title="bbox 110 1993 1135 2336">
     <span class='ocr_line' id='line_1_17' title="bbox 161 1993 1130 2067; baseline 0.001 -20"><span class='ocrx_word' id='word_1_60' title='bbox 161 1995 220 2047; x_wconf 82' lang='grc'><strong>664.</strong></span> <span class='ocrx_word' id='word_1_61' title='bbox 253 1999 430 2064; x_wconf 66' lang='grc' dir='ltr'><strong><em>προσφωνεῖν</em></strong></span> <span class='ocrx_word' id='word_1_62' title='bbox 446 1995 559 2067; x_wconf 73' lang='grc' dir='ltr'>φίλους]</span> <span class='ocrx_word' id='word_1_63' title='bbox 583 1999 628 2049; x_wconf 79' lang='lat' dir='ltr'>Sic</span> <span class='ocrx_word' id='word_1_64' title='bbox 642 1997 718 2050; x_wconf 88' lang='lat' dir='ltr'>multi</span> <span class='ocrx_word' id='word_1_65' title='bbox 736 2012 799 2047; x_wconf 84' lang='lat' dir='ltr'>sano</span> <span class='ocrx_word' id='word_1_66' title='bbox 816 1994 891 2055; x_wconf 87' lang='lat' dir='ltr'>libri,</span> <span class='ocrx_word' id='word_1_67' title='bbox 909 1996 957 2047; x_wconf 78' lang='lat' dir='ltr'>red</span> <span class='ocrx_word' id='word_1_68' title='bbox 974 1993 1036 2045; x_wconf 81' lang='lat' dir='ltr'>Ald.</span> <span class='ocrx_word' id='word_1_69' title='bbox 1054 1996 1130 2049; x_wconf 87' lang='lat' dir='ltr'>llom.</span> 
     </span>
     <span class='ocr_line' id='line_1_18' title="bbox 112 2062 1135 2132; baseline 0.002 -18"><span class='ocrx_word' id='word_1_70' title='bbox 112 2068 143 2115; x_wconf 80' lang='grc' dir='ltr'>Δ.</span> <span class='ocrx_word' id='word_1_71' title='bbox 163 2064 191 2113; x_wconf 79' lang='grc' dir='ltr'>Β.</span> <span class='ocrx_word' id='word_1_72' title='bbox 211 2063 239 2113; x_wconf 86' lang='lat' dir='ltr'>G.</span> <span class='ocrx_word' id='word_1_73' title='bbox 258 2064 327 2113; x_wconf 88' lang='lat' dir='ltr'>Cott.</span> <span class='ocrx_word' id='word_1_74' title='bbox 346 2063 446 2129; x_wconf 77' lang='grc' dir='ltr'>φίλαις.</span> <span class='ocrx_word' id='word_1_75' title='bbox 464 2066 533 2115; x_wconf 89' lang='lat' dir='ltr'>Hinc</span> <span class='ocrx_word' id='word_1_76' title='bbox 558 2066 675 2117; x_wconf 83' lang='lat' dir='ltr'>nascitur</span> <span class='ocrx_word' id='word_1_77' title='bbox 694 2064 808 2130; x_wconf 88' lang='lat' dir='ltr'>suspicio</span> <span class='ocrx_word' id='word_1_78' title='bbox 827 2062 934 2112; x_wconf 89' lang='lat' dir='ltr'>verbnm</span> <span class='ocrx_word' id='word_1_79' title='bbox 951 2064 1135 2132; x_wconf 65' lang='grc' dir='ltr'><strong><em>προσφωνεῖν,</em></strong></span> 
     </span>
     <span class='ocr_line' id='line_1_19' title="bbox 110 2129 1133 2199; baseline 0 -19"><span class='ocrx_word' id='word_1_80' title='bbox 110 2139 139 2180; x_wconf 93' lang='lat' dir='ltr'>ut</span> <span class='ocrx_word' id='word_1_81' title='bbox 157 2130 210 2180; x_wconf 82' lang='lat' dir='ltr'>elin</span> <span class='ocrx_word' id='word_1_82' title='bbox 226 2129 336 2180; x_wconf 86' lang='lat' dir='ltr'>huiusce</span> <span class='ocrx_word' id='word_1_83' title='bbox 353 2132 427 2181; x_wconf 91' lang='lat' dir='ltr'>modi</span> <span class='ocrx_word' id='word_1_84' title='bbox 452 2133 545 2196; x_wconf 86' lang='lat' dir='ltr'>verba,</span> <span class='ocrx_word' id='word_1_85' title='bbox 571 2133 713 2199; x_wconf 75' lang='lat' dir='ltr'>aliquando</span> <span class='ocrx_word' id='word_1_86' title='bbox 732 2132 810 2181; x_wconf 87' lang='lat' dir='ltr'>etiam</span> <span class='ocrx_word' id='word_1_87' title='bbox 824 2145 882 2180; x_wconf 89' lang='lat' dir='ltr'>cum</span> <span class='ocrx_word' id='word_1_88' title='bbox 903 2130 992 2180; x_wconf 82' lang='lat' dir='ltr'>dativo</span> <span class='ocrx_word' id='word_1_89' title='bbox 1010 2139 1133 2181; x_wconf 81' lang='lat' dir='ltr'>constru-</span> 
     </span>
     <span class='ocr_line' id='line_1_20' title="bbox 110 2197 1134 2268; baseline 0.001 -21"><span class='ocrx_word' id='word_1_90' title='bbox 110 2207 181 2247; x_wconf 87' lang='lat' dir='ltr'>ctum</span> <span class='ocrx_word' id='word_1_91' title='bbox 194 2214 261 2249; x_wconf 86' lang='lat' dir='ltr'>esse.</span> <span class='ocrx_word' id='word_1_92' title='bbox 280 2197 365 2247; x_wconf 79' lang='lat' dir='ltr'>litium</span> <span class='ocrx_word' id='word_1_93' title='bbox 383 2199 428 2248; x_wconf 85' lang='lat' dir='ltr'>lib.</span> <span class='ocrx_word' id='word_1_94' title='bbox 448 2200 532 2251; x_wconf 84' lang='lat' dir='ltr'>llavn.</span> <span class='ocrx_word' id='word_1_95' title='bbox 552 2201 645 2268; x_wconf 71' lang='grc' dir='ltr'><strong><em>φίλοις</em></strong></span> <span class='ocrx_word' id='word_1_96' title='bbox 662 2200 760 2250; x_wconf 86' lang='lat' dir='ltr'>habere</span> <span class='ocrx_word' id='word_1_97' title='bbox 777 2197 889 2262; x_wconf 84' lang='lat' dir='ltr'>videtur,</span> <span class='ocrx_word' id='word_1_98' title='bbox 908 2197 955 2247; x_wconf 87' lang='lat' dir='ltr'>sed</span> <span class='ocrx_word' id='word_1_99' title='bbox 972 2199 994 2247; x_wconf 89' lang='lat' dir='ltr'>is</span> <span class='ocrx_word' id='word_1_100' title='bbox 1012 2215 1026 2247; x_wconf 88' lang='lat' dir='ltr'>a</span> <span class='ocrx_word' id='word_1_101' title='bbox 1044 2215 1084 2264; x_wconf 90' lang='lat' dir='ltr'>pr.</span> <span class='ocrx_word' id='word_1_102' title='bbox 1097 2214 1134 2248; x_wconf 88' lang='lat' dir='ltr'>m.</span> 
     </span>
     <span class='ocr_line' id='line_1_21' title="bbox 110 2262 1048 2336; baseline 0.003 -22"><span class='ocrx_word' id='word_1_103' title='bbox 110 2265 191 2315; x_wconf 87' lang='lat' dir='ltr'>habet</span> <span class='ocrx_word' id='word_1_104' title='bbox 206 2262 372 2335; x_wconf 68' lang='grc' dir='ltr'><strong><em>πρσςφὲρειν</em></strong></span> <span class='ocrx_word' id='word_1_105' title='bbox 389 2275 416 2316; x_wconf 87' lang='lat' dir='ltr'>et</span> <span class='ocrx_word' id='word_1_106' title='bbox 433 2265 459 2315; x_wconf 89' lang='lat' dir='ltr'>in</span> <span class='ocrx_word' id='word_1_107' title='bbox 478 2269 592 2334; x_wconf 81' lang='lat' dir='ltr'>margine</span> <span class='ocrx_word' id='word_1_108' title='bbox 611 2287 627 2320; x_wconf 88' lang='lat' dir='ltr'>a</span> <span class='ocrx_word' id='word_1_109' title='bbox 644 2286 696 2319; x_wconf 83' lang='lat' dir='ltr'>seo.</span> <span class='ocrx_word' id='word_1_110' title='bbox 716 2284 751 2317; x_wconf 84' lang='lat' dir='ltr'>m.</span> <span class='ocrx_word' id='word_1_111' title='bbox 768 2267 948 2336; x_wconf 74' lang='lat' dir='ltr'>npoepuvaiv·</span> <span class='ocrx_word' id='word_1_112' title='bbox 964 2266 995 2317; x_wconf 86' lang='lat' dir='ltr'>R.</span> <span class='ocrx_word' id='word_1_113' title='bbox 1013 2266 1048 2317; x_wconf 87' lang='lat' dir='ltr'>K.</span> 
     </span>
    </p>
   </div>
   <div class='ocr_carea' id='block_1_7' title="bbox 108 2378 596 4143">
    <p class='ocr_par' dir='ltr' id='par_1_12' title="bbox 108 2378 596 3650">
     <span class='ocr_line' id='line_1_22' title="bbox 109 2378 594 2450; baseline 0.008 -17"><span class='ocrx_word' id='word_1_114' title='bbox 109 2381 194 2434; x_wconf 77' lang='grc' dir='ltr'><strong>τοῦτο</strong></span> <span class='ocrx_word' id='word_1_115' title='bbox 213 2378 343 2447; x_wconf 75' lang='grc' dir='ltr'><strong><em>λέγεσθαι</em></strong></span> <span class='ocrx_word' id='word_1_116' title='bbox 367 2379 457 2436; x_wconf 68' lang='grc' dir='ltr'><strong><em>αὐτὸν</em></strong></span> <span class='ocrx_word' id='word_1_117' title='bbox 474 2381 594 2450; x_wconf 83' lang='grc' dir='ltr'><strong><em>σοφόν,</em></strong></span> 
     </span>
     <span class='ocr_line' id='line_1_23' title="bbox 110 2445 595 2520; baseline 0.008 -19"><span class='ocrx_word' id='word_1_118' title='bbox 110 2445 168 2502; x_wconf 75' lang='lat' dir='ltr'>oe’ii&#39;</span> <span class='ocrx_word' id='word_1_119' title='bbox 179 2446 251 2507; x_wconf 70' lang='grc' dir='ltr'>ὥσπε</span> <span class='ocrx_word' id='word_1_120' title='bbox 278 2448 518 2519; x_wconf 74' lang='grc' dir='ltr'><strong><em>παραπληρώματι</em></strong></span> <span class='ocrx_word' id='word_1_121' title='bbox 530 2454 595 2520; x_wconf 78' lang='grc' dir='ltr'>χρῆ·</span> 
     </span>
     <span class='ocr_line' id='line_1_24' title="bbox 108 2467 594 2586; baseline 0.008 -18"><span class='ocrx_word' id='word_1_122' title='bbox 108 2532 156 2568; x_wconf 79' lang='grc' dir='ltr'>σαι</span> <span class='ocrx_word' id='word_1_123' title='bbox 172 2519 207 2586; x_wconf 80' lang='grc' dir='ltr'>τῇ</span> <span class='ocrx_word' id='word_1_124' title='bbox 223 2467 303 2580; x_wconf 65' lang='lat' dir='ltr'>stica.</span> <span class='ocrx_word' id='word_1_125' title='bbox 323 2521 594 2573; x_wconf 79' lang='lat' dir='ltr'><strong>SGHOLIASTA.</strong></span> 
     </span>
     <span class='ocr_line' id='line_1_25' title="bbox 109 2585 594 2654; baseline 0.008 -20"><span class='ocrx_word' id='word_1_126' title='bbox 109 2585 169 2635; x_wconf 89' lang='lat' dir='ltr'>Huc</span> <span class='ocrx_word' id='word_1_127' title='bbox 196 2600 229 2634; x_wconf 93' lang='lat' dir='ltr'>ne</span> <span class='ocrx_word' id='word_1_128' title='bbox 259 2586 384 2650; x_wconf 80' lang='lat' dir='ltr'>quisex</span> <span class='ocrx_word' id='word_1_129' title='bbox 412 2604 443 2636; x_wconf 92' lang='lat' dir='ltr'>eo</span> <span class='ocrx_word' id='word_1_130' title='bbox 475 2605 594 2654; x_wconf 87' lang='lat' dir='ltr'>numero,</span> 
     </span>
     <span class='ocr_line' id='line_1_26' title="bbox 109 2651 595 2724; baseline 0.01 -22"><span class='ocrx_word' id='word_1_131' title='bbox 109 2651 155 2719; x_wconf 89' lang='lat' dir='ltr'>qui</span> <span class='ocrx_word' id='word_1_132' title='bbox 172 2651 253 2702; x_wconf 90' lang='lat' dir='ltr'>nimio</span> <span class='ocrx_word' id='word_1_133' title='bbox 273 2652 336 2703; x_wconf 92' lang='lat' dir='ltr'>odio</span> <span class='ocrx_word' id='word_1_134' title='bbox 349 2653 482 2721; x_wconf 79' lang='lat' dir='ltr'><strong>Euripidis</strong></span> <span class='ocrx_word' id='word_1_135' title='bbox 501 2655 595 2724; x_wconf 86' lang='lat' dir='ltr'>poesiu</span> 
     </span>
     <span class='ocr_line' id='line_1_27' title="bbox 109 2720 595 2790; baseline 0.006 -19"><span class='ocrx_word' id='word_1_136' title='bbox 109 2736 193 2786; x_wconf 83' lang='lat' dir='ltr'>nuper</span> <span class='ocrx_word' id='word_1_137' title='bbox 221 2720 343 2771; x_wconf 84' lang='lat' dir='ltr'>insectati</span> <span class='ocrx_word' id='word_1_138' title='bbox 373 2732 449 2785; x_wconf 84' lang='lat' dir='ltr'>sunt,</span> <span class='ocrx_word' id='word_1_139' title='bbox 478 2724 595 2790; x_wconf 88' lang='lat' dir='ltr'>arripiat,</span> 
     </span>
     <span class='ocr_line' id='line_1_28' title="bbox 111 2790 594 2843; baseline 0.006 -5"><span class='ocrx_word' id='word_1_140' title='bbox 111 2805 288 2840; x_wconf 89' lang='lat' dir='ltr'>commemoro</span> <span class='ocrx_word' id='word_1_141' title='bbox 315 2790 436 2840; x_wconf 78' lang='lat' dir='ltr'>usitatam</span> <span class='ocrx_word' id='word_1_142' title='bbox 482 2793 594 2843; x_wconf 90' lang='lat' dir='ltr'>uandam</span> 
     </span>
     <span class='ocr_line' id='line_1_29' title="bbox 109 2810 594 2910; baseline 0.006 -5"><span class='ocrx_word' id='word_1_143' title='bbox 109 2855 283 2906; x_wconf 78' lang='lat' dir='ltr'><strong>urbanitatem</strong></span> <span class='ocrx_word' id='word_1_144' title='bbox 308 2858 438 2908; x_wconf 89' lang='lat' dir='ltr'>sermonis</span> <span class='ocrx_word' id='word_1_145' title='bbox 462 2810 520 2910; x_wconf 71' lang='lat' dir='ltr'>iere</span> <span class='ocrx_word' id='word_1_146' title='bbox 543 2877 594 2910; x_wconf 90' lang='lat' dir='ltr'>ue-</span> 
     </span>
     <span class='ocr_line' id='line_1_30' title="bbox 109 2924 595 2990; baseline 0.008 -17"><span class='ocrx_word' id='word_1_147' title='bbox 109 2924 224 2974; x_wconf 82' lang='lat' dir='ltr'>cessario</span> <span class='ocrx_word' id='word_1_148' title='bbox 248 2924 391 2989; x_wconf 84' lang='lat' dir='ltr'>requirere,</span> <span class='ocrx_word' id='word_1_149' title='bbox 410 2934 447 2990; x_wconf 86' lang='lat' dir='ltr'>ut,</span> <span class='ocrx_word' id='word_1_150' title='bbox 473 2928 495 2976; x_wconf 86' lang='lat' dir='ltr'>si</span> <span class='ocrx_word' id='word_1_151' title='bbox 518 2944 595 2976; x_wconf 88' lang='lat' dir='ltr'>men-</span> 
     </span>
     <span class='ocr_line' id='line_1_31' title="bbox 109 2990 594 3056; baseline 0.004 -16"><span class='ocrx_word' id='word_1_152' title='bbox 109 2991 210 3040; x_wconf 83' lang='lat' dir='ltr'>tionem</span> <span class='ocrx_word' id='word_1_153' title='bbox 228 2990 310 3040; x_wconf 82' lang='lat' dir='ltr'>facias</span> <span class='ocrx_word' id='word_1_154' title='bbox 328 2991 410 3056; x_wconf 85' lang='lat' dir='ltr'>putris</span> <span class='ocrx_word' id='word_1_155' title='bbox 430 2991 485 3040; x_wconf 89' lang='lat' dir='ltr'>eius</span> <span class='ocrx_word' id='word_1_156' title='bbox 502 2992 594 3042; x_wconf 89' lang='lat' dir='ltr'>homi·</span> 
     </span>
     <span class='ocr_line' id='line_1_32' title="bbox 109 3055 595 3122; baseline 0.008 -17"><span class='ocrx_word' id='word_1_157' title='bbox 109 3056 160 3114; x_wconf 85' lang='lat' dir='ltr'>nis,</span> <span class='ocrx_word' id='word_1_158' title='bbox 183 3057 289 3122; x_wconf 89' lang='lat' dir='ltr'>quicum</span> <span class='ocrx_word' id='word_1_159' title='bbox 314 3055 432 3120; x_wconf 85' lang='lat' dir='ltr'>loquare,</span> <span class='ocrx_word' id='word_1_160' title='bbox 456 3073 515 3106; x_wconf 88' lang='lat' dir='ltr'>eum</span> <span class='ocrx_word' id='word_1_161' title='bbox 541 3059 595 3109; x_wconf 91' lang='lat' dir='ltr'>ho-</span> 
     </span>
     <span class='ocr_line' id='line_1_33' title="bbox 109 3122 595 3187; baseline 0.01 -15"><span class='ocrx_word' id='word_1_162' title='bbox 109 3131 184 3172; x_wconf 86' lang='lat' dir='ltr'>nestu</span> <span class='ocrx_word' id='word_1_163' title='bbox 208 3122 321 3187; x_wconf 81' lang='lat' dir='ltr'>quedam</span> <span class='ocrx_word' id='word_1_164' title='bbox 339 3122 536 3187; x_wconf 84' lang='lat' dir='ltr'>praedicatione</span> <span class='ocrx_word' id='word_1_165' title='bbox 554 3125 595 3177; x_wconf 79' lang='lat' dir='ltr'>af·</span> 
     </span>
     <span class='ocr_line' id='line_1_34' title="bbox 109 3189 595 3260; baseline 0.01 -20"><span class='ocrx_word' id='word_1_166' title='bbox 109 3189 190 3240; x_wconf 82' lang='lat' dir='ltr'>ficies.</span> <span class='ocrx_word' id='word_1_167' title='bbox 213 3190 304 3255; x_wconf 80' lang='lat' dir='ltr'>ltaque</span> <span class='ocrx_word' id='word_1_168' title='bbox 323 3205 402 3256; x_wconf 89' lang='lat' dir='ltr'>quum</span> <span class='ocrx_word' id='word_1_169' title='bbox 421 3189 503 3255; x_wconf 84' lang='lat' dir='ltr'>aliud,</span> <span class='ocrx_word' id='word_1_170' title='bbox 522 3193 595 3260; x_wconf 88' lang='lat' dir='ltr'>quod</span> 
     </span>
     <span class='ocr_line' id='line_1_35' title="bbox 108 3256 595 3326; baseline 0.006 -18"><span class='ocrx_word' id='word_1_171' title='bbox 108 3256 287 3326; x_wconf 78' lang='lat' dir='ltr'>praedicabile</span> <span class='ocrx_word' id='word_1_172' title='bbox 311 3266 381 3306; x_wconf 87' lang='lat' dir='ltr'>esset</span> <span class='ocrx_word' id='word_1_173' title='bbox 399 3257 432 3307; x_wconf 91' lang='lat' dir='ltr'>de</span> <span class='ocrx_word' id='word_1_174' title='bbox 450 3259 595 3325; x_wconf 81' lang='lat' dir='ltr'>Pandione,</span> 
     </span>
     <span class='ocr_line' id='line_1_36' title="bbox 108 3324 595 3394; baseline 0.006 -18"><span class='ocrx_word' id='word_1_175' title='bbox 108 3343 162 3377; x_wconf 91' lang='lat' dir='ltr'>non</span> <span class='ocrx_word' id='word_1_176' title='bbox 180 3326 290 3376; x_wconf 79' lang='lat' dir='ltr'>heberet</span> <span class='ocrx_word' id='word_1_177' title='bbox 306 3324 463 3390; x_wconf 84' lang='lat' dir='ltr'>Euripides,</span> <span class='ocrx_word' id='word_1_178' title='bbox 489 3329 550 3394; x_wconf 87' lang='lat' dir='ltr'>quia</span> <span class='ocrx_word' id='word_1_179' title='bbox 568 3339 595 3379; x_wconf 85' lang='lat' dir='ltr'>et</span> 
     </span>
     <span class='ocr_line' id='line_1_37' title="bbox 109 3393 596 3460; baseline 0.006 -16"><span class='ocrx_word' id='word_1_180' title='bbox 109 3394 166 3445; x_wconf 89' lang='lat' dir='ltr'>seni</span> <span class='ocrx_word' id='word_1_181' title='bbox 193 3405 219 3444; x_wconf 88' lang='lat' dir='ltr'>et</span> <span class='ocrx_word' id='word_1_182' title='bbox 236 3393 290 3460; x_wconf 86' lang='lat' dir='ltr'>regi</span> <span class='ocrx_word' id='word_1_183' title='bbox 309 3394 450 3443; x_wconf 85' lang='lat' dir='ltr'>convenire</span> <span class='ocrx_word' id='word_1_184' title='bbox 472 3393 524 3445; x_wconf 85' lang='lat' dir='ltr'>hoo</span> <span class='ocrx_word' id='word_1_185' title='bbox 543 3413 596 3447; x_wconf 92' lang='lat' dir='ltr'>no-</span> 
     </span>
     <span class='ocr_line' id='line_1_38' title="bbox 108 3460 596 3528; baseline 0.01 -17"><span class='ocrx_word' id='word_1_186' title='bbox 108 3460 596 3528; x_wconf 83' lang='lat' dir='ltr'>menvideretur,appelluriteumoo-</span> 
     </span>
     <span class='ocr_line' id='line_1_39' title="bbox 109 3524 595 3598; baseline 0.004 -18"><span class='ocrx_word' id='word_1_187' title='bbox 109 3524 173 3596; x_wconf 78' lang='grc' dir='ltr'><strong><em>φάν,</em></strong></span> <span class='ocrx_word' id='word_1_188' title='bbox 181 3539 209 3578; x_wconf 91' lang='lat' dir='ltr'>ut</span> <span class='ocrx_word' id='word_1_189' title='bbox 218 3529 299 3595; x_wconf 81' lang='lat' dir='ltr'>putris</span> <span class='ocrx_word' id='word_1_190' title='bbox 309 3529 505 3596; x_wconf 87' lang='lat' dir='ltr'>praedicatione</span> <span class='ocrx_word' id='word_1_191' title='bbox 516 3549 595 3598; x_wconf 89' lang='lat' dir='ltr'>prae-</span> 
     </span>
     <span class='ocr_line' id='line_1_40' title="bbox 111 3597 577 3650; baseline 0.006 -3"><span class='ocrx_word' id='word_1_192' title='bbox 111 3604 210 3647; x_wconf 84' lang='lat' dir='ltr'>sentem</span> <span class='ocrx_word' id='word_1_193' title='bbox 223 3597 306 3647; x_wconf 89' lang='lat' dir='ltr'>filium</span> <span class='ocrx_word' id='word_1_194' title='bbox 320 3598 482 3650; x_wconf 81' lang='lat' dir='ltr'>honestaret.</span> <span class='ocrx_word' id='word_1_195' title='bbox 500 3600 532 3650; x_wconf 85' lang='lat' dir='ltr'>ll.</span> <span class='ocrx_word' id='word_1_196' title='bbox 542 3601 577 3650; x_wconf 88' lang='grc' dir='ltr'>Κ.</span> 
     </span>
    </p>

    <p class='ocr_par' dir='ltr' id='par_1_13' title="bbox 143 3663 515 3721">
     <span class='ocr_line' id='line_1_41' title="bbox 143 3663 515 3721; baseline 0.016 -6"><span class='ocrx_word' id='word_1_197' title='bbox 143 3682 169 3715; x_wconf 88' lang='lat' dir='ltr'>v.</span> <span class='ocrx_word' id='word_1_198' title='bbox 188 3663 248 3716; x_wconf 89' lang='grc'><strong>668.</strong></span> <span class='ocrx_word' id='word_1_199' title='bbox 266 3665 334 3715; x_wconf 86' lang='lat' dir='ltr'>Vide</span> <span class='ocrx_word' id='word_1_200' title='bbox 353 3668 437 3717; x_wconf 89' lang='lat' dir='ltr'>Orest.</span> <span class='ocrx_word' id='word_1_201' title='bbox 456 3667 515 3721; x_wconf 84' lang='lat'>591.</span> 
     </span>
    </p>

    <p class='ocr_par' dir='ltr' id='par_1_14' title="bbox 109 3726 593 3865">
     <span class='ocr_line' id='line_1_42' title="bbox 143 3726 593 3803; baseline 0.009 -19"><span class='ocrx_word' id='word_1_202' title='bbox 143 3750 168 3784; x_wconf 82' lang='lat' dir='ltr'>v·</span> <span class='ocrx_word' id='word_1_203' title='bbox 197 3731 255 3783; x_wconf 84' lang='grc'><strong>673.</strong></span> <span class='ocrx_word' id='word_1_204' title='bbox 281 3726 365 3800; x_wconf 74' lang='grc' dir='ltr'><strong><em>εὐνῆς</em></strong></span> <span class='ocrx_word' id='word_1_205' title='bbox 388 3729 496 3803; x_wconf 73' lang='grc' dir='ltr'>ἄζυγες]</span> <span class='ocrx_word' id='word_1_206' title='bbox 530 3734 593 3788; x_wconf 82' lang='lat' dir='ltr'>vid.</span> 
     </span>
     <span class='ocr_line' id='line_1_43' title="bbox 109 3798 394 3865; baseline 0.007 -15"><span class='ocrx_word' id='word_1_207' title='bbox 109 3798 229 3852; x_wconf 78' lang='lat' dir='ltr'>matth.</span> <span class='ocrx_word' id='word_1_208' title='bbox 248 3799 272 3865; x_wconf 93' lang='grc'><strong>6.</strong></span> <span class='ocrx_word' id='word_1_209' title='bbox 291 3799 351 3864; x_wconf 82' lang='grc'><strong>339,</strong></span> <span class='ocrx_word' id='word_1_210' title='bbox 367 3801 394 3853; x_wconf 77' lang='grc'>2.</span> 
     </span>
    </p>

    <p class='ocr_par' dir='ltr' id='par_1_15' title="bbox 108 3862 595 4143">
     <span class='ocr_line' id='line_1_44' title="bbox 143 3862 593 3921; baseline 0.004 -2"><span class='ocrx_word' id='word_1_211' title='bbox 143 3885 168 3919; x_wconf 82' lang='lat' dir='ltr'>v.</span> <span class='ocrx_word' id='word_1_212' title='bbox 185 3867 245 3919; x_wconf 83' lang='grc'><strong>675.</strong></span> <span class='ocrx_word' id='word_1_213' title='bbox 264 3867 454 3919; x_wconf 64' lang='lat' dir='ltr'>[leucastrum</span> <span class='ocrx_word' id='word_1_214' title='bbox 469 3862 593 3921; x_wconf 79' lang='lat' dir='ltr'>illirstru-</span> 
     </span>
     <span class='ocr_line' id='line_1_45' title="bbox 109 3934 594 4005; baseline 0.01 -20"><span class='ocrx_word' id='word_1_215' title='bbox 109 3936 148 3986; x_wconf 86' lang='lat' dir='ltr'>vit</span> <span class='ocrx_word' id='word_1_216' title='bbox 171 3941 202 3987; x_wconf 78' lang='lat' dir='ltr'>A.</span> <span class='ocrx_word' id='word_1_217' title='bbox 227 3934 398 3986; x_wconf 75' lang='lat' dir='ltr'>Matthiae</span> <span class='ocrx_word' id='word_1_218' title='bbox 423 3938 469 3987; x_wconf 88' lang='lat' dir='ltr'>Gr.</span> <span class='ocrx_word' id='word_1_219' title='bbox 494 3940 540 3991; x_wconf 86' lang='lat' dir='ltr'>Gr.</span> <span class='ocrx_word' id='word_1_220' title='bbox 569 3938 594 4005; x_wconf 89' lang='grc'><strong>6.</strong></span> 
     </span>
     <span class='ocr_line' id='line_1_46' title="bbox 108 4003 595 4070; baseline 0.006 -15"><span class='ocrx_word' id='word_1_221' title='bbox 108 4003 167 4056; x_wconf 80' lang='lat'>449.</span> <span class='ocrx_word' id='word_1_222' title='bbox 180 4021 206 4070; x_wconf 83' lang='lat' dir='ltr'>p.</span> <span class='ocrx_word' id='word_1_223' title='bbox 218 4003 278 4054; x_wconf 79' lang='lat'><strong>844.</strong></span> <span class='ocrx_word' id='word_1_224' title='bbox 297 4004 370 4053; x_wconf 85' lang='lat' dir='ltr'>Duue</span> <span class='ocrx_word' id='word_1_225' title='bbox 383 4006 595 4058; x_wconf 78' lang='lat' dir='ltr'>constructiones</span> 
     </span>
     <span class='ocr_line' id='line_1_47' title="bbox 109 4067 594 4143; baseline 0.019 -21"><span class='ocrx_word' id='word_1_226' title='bbox 109 4071 236 4124; x_wconf 82' lang='lat' dir='ltr'>confusae</span> <span class='ocrx_word' id='word_1_227' title='bbox 248 4079 323 4124; x_wconf 83' lang='lat' dir='ltr'>suut:</span> <span class='ocrx_word' id='word_1_228' title='bbox 341 4067 520 4143; x_wconf 73' lang='lat' dir='ltr'>oopoicepoii</span> <span class='ocrx_word' id='word_1_229' title='bbox 533 4069 594 4130; x_wconf 78' lang='grc' dir='ltr'>κατ’</span> 
     </span>
    </p>
   </div>
   <div class='ocr_carea' id='block_1_8' title="bbox 642 2372 1174 4144">
    <p class='ocr_par' dir='ltr' id='par_1_16' title="bbox 644 2372 1166 3256">
     <span class='ocr_line' id='line_1_48' title="bbox 644 2372 1133 2453; baseline -0.006 -15"><span class='ocrx_word' id='word_1_230' title='bbox 644 2382 736 2453; x_wconf 71' lang='grc' dir='ltr'><strong><em>ἄνδρα</em></strong></span> <span class='ocrx_word' id='word_1_231' title='bbox 754 2393 781 2434; x_wconf 90' lang='lat' dir='ltr'>et</span> <span class='ocrx_word' id='word_1_232' title='bbox 799 2379 947 2451; x_wconf 73' lang='grc' dir='ltr'><strong><em>σοφώτεροι</em></strong></span> <span class='ocrx_word' id='word_1_233' title='bbox 962 2375 982 2446; x_wconf 76' lang='grc' dir='ltr'><em>ἢ</em></span> <span class='ocrx_word' id='word_1_234' title='bbox 999 2377 1069 2440; x_wconf 79' lang='lat' dir='ltr'>oi&#39;ere</span> <span class='ocrx_word' id='word_1_235' title='bbox 1083 2372 1133 2435; x_wconf 65' lang='lat' dir='ltr'>is-</span> 
     </span>
     <span class='ocr_line' id='line_1_49' title="bbox 644 2448 1131 2523; baseline -0.01 -17"><span class='ocrx_word' id='word_1_236' title='bbox 644 2455 697 2523; x_wconf 77' lang='grc' dir='ltr'>δρα</span> <span class='ocrx_word' id='word_1_237' title='bbox 709 2451 866 2521; x_wconf 74' lang='grc' dir='ltr'><strong><em>συμβαλεῖν.</em></strong></span> <span class='ocrx_word' id='word_1_238' title='bbox 884 2453 927 2500; x_wconf 83' lang='lat' dir='ltr'>Sic</span> <span class='ocrx_word' id='word_1_239' title='bbox 940 2449 1018 2499; x_wconf 81' lang='lat' dir='ltr'>etium</span> <span class='ocrx_word' id='word_1_240' title='bbox 1029 2448 1131 2501; x_wconf 86' lang='lat' dir='ltr'>Pluto</span> 
     </span>
     <span class='ocr_line' id='line_1_50' title="bbox 644 2517 1131 2588; baseline -0.004 -18"><span class='ocrx_word' id='word_1_241' title='bbox 644 2522 743 2588; x_wconf 86' lang='lat' dir='ltr'>Gratyl.</span> <span class='ocrx_word' id='word_1_242' title='bbox 761 2536 788 2585; x_wconf 92' lang='lat' dir='ltr'>p.</span> <span class='ocrx_word' id='word_1_243' title='bbox 807 2519 866 2570; x_wconf 76' lang='lat'><strong>392.</strong></span> <span class='ocrx_word' id='word_1_244' title='bbox 880 2521 916 2567; x_wconf 79' lang='lat' dir='ltr'>A:</span> <span class='ocrx_word' id='word_1_245' title='bbox 941 2517 1032 2570; x_wconf 77' lang='lat' dir='ltr'>caritot</span> <span class='ocrx_word' id='word_1_246' title='bbox 1047 2517 1131 2582; x_wconf 72' lang='grc' dir='ltr'><strong><em>μείζω</em></strong></span> 
     </span>
     <span class='ocr_line' id='line_1_51' title="bbox 644 2579 1133 2654; baseline -0.008 -13"><span class='ocrx_word' id='word_1_247' title='bbox 644 2585 718 2641; x_wconf 70' lang='grc' dir='ltr'><strong><em>ἐστὶν</em></strong></span> <span class='ocrx_word' id='word_1_248' title='bbox 731 2581 749 2654; x_wconf 79' lang='grc' dir='ltr'><strong><em>ἢ</em></strong></span> <span class='ocrx_word' id='word_1_249' title='bbox 762 2579 821 2638; x_wconf 76' lang='grc' dir='ltr'>κατ’</span> <span class='ocrx_word' id='word_1_250' title='bbox 833 2582 880 2652; x_wconf 73' lang='grc' dir='ltr'>ἐμὲ</span> <span class='ocrx_word' id='word_1_251' title='bbox 894 2582 943 2637; x_wconf 81' lang='grc' dir='ltr'>καὶ</span> <span class='ocrx_word' id='word_1_252' title='bbox 956 2581 986 2635; x_wconf 74' lang='grc' dir='ltr'>σὲ</span> <span class='ocrx_word' id='word_1_253' title='bbox 1001 2580 1133 2654; x_wconf 72' lang='grc' dir='ltr'>ἐξευρεῖν.</span> 
     </span>
     <span class='ocr_line' id='line_1_52' title="bbox 645 2651 1131 2707; baseline -0.004 0"><span class='ocrx_word' id='word_1_254' title='bbox 645 2656 722 2707; x_wconf 81' lang='lat' dir='ltr'>conl.</span> <span class='ocrx_word' id='word_1_255' title='bbox 741 2654 775 2704; x_wconf 88' lang='lat' dir='ltr'>ud</span> <span class='ocrx_word' id='word_1_256' title='bbox 792 2672 816 2706; x_wconf 84' lang='lat' dir='ltr'>v.</span> <span class='ocrx_word' id='word_1_257' title='bbox 846 2653 920 2705; x_wconf 86' lang='grc'><strong>1399.</strong></span> <span class='ocrx_word' id='word_1_258' title='bbox 945 2651 1063 2703; x_wconf 82' lang='lat' dir='ltr'>Matth.</span> <span class='ocrx_word' id='word_1_259' title='bbox 1084 2651 1131 2705; x_wconf 85' lang='lat' dir='ltr'>Gr.</span> 
     </span>
     <span class='ocr_line' id='line_1_53' title="bbox 646 2720 1132 2791; baseline -0.012 -16"><span class='ocrx_word' id='word_1_260' title='bbox 646 2724 670 2791; x_wconf 91' lang='grc'><strong>6.</strong></span> <span class='ocrx_word' id='word_1_261' title='bbox 689 2724 749 2784; x_wconf 77' lang='lat'>6:32,</span> <span class='ocrx_word' id='word_1_262' title='bbox 768 2722 793 2779; x_wconf 90' lang='grc'><strong>6.</strong></span> <span class='ocrx_word' id='word_1_263' title='bbox 820 2721 875 2788; x_wconf 85' lang='lat' dir='ltr'>[Sic</span> <span class='ocrx_word' id='word_1_264' title='bbox 898 2720 978 2786; x_wconf 78' lang='lat' dir='ltr'>vulgo</span> <span class='ocrx_word' id='word_1_265' title='bbox 997 2720 1132 2786; x_wconf 85' lang='lat' dir='ltr'>explicant</span> 
     </span>
     <span class='ocr_line' id='line_1_54' title="bbox 644 2789 1131 2855; baseline -0.01 -13"><span class='ocrx_word' id='word_1_266' title='bbox 644 2791 711 2843; x_wconf 86' lang='lat' dir='ltr'>tales</span> <span class='ocrx_word' id='word_1_267' title='bbox 729 2791 813 2852; x_wconf 88' lang='lat' dir='ltr'>locos,</span> <span class='ocrx_word' id='word_1_268' title='bbox 828 2790 854 2839; x_wconf 91' lang='lat' dir='ltr'>in</span> <span class='ocrx_word' id='word_1_269' title='bbox 869 2789 964 2855; x_wconf 88' lang='lat' dir='ltr'>quibus</span> <span class='ocrx_word' id='word_1_270' title='bbox 981 2805 1028 2854; x_wconf 86' lang='lat' dir='ltr'>ego</span> <span class='ocrx_word' id='word_1_271' title='bbox 1043 2799 1131 2838; x_wconf 86' lang='lat' dir='ltr'>tamen</span> 
     </span>
     <span class='ocr_line' id='line_1_55' title="bbox 645 2857 1131 2910; baseline -0.01 -1"><span class='ocrx_word' id='word_1_272' title='bbox 645 2858 829 2910; x_wconf 82' lang='lat' dir='ltr'>confusionem</span> <span class='ocrx_word' id='word_1_273' title='bbox 862 2857 972 2906; x_wconf 88' lang='lat' dir='ltr'>duarum</span> <span class='ocrx_word' id='word_1_274' title='bbox 1005 2865 1131 2905; x_wconf 84' lang='lat' dir='ltr'>constru-</span> 
     </span>
     <span class='ocr_line' id='line_1_56' title="bbox 645 2923 1134 2988; baseline -0.008 -12"><span class='ocrx_word' id='word_1_275' title='bbox 645 2927 763 2976; x_wconf 88' lang='lat' dir='ltr'>ctionum</span> <span class='ocrx_word' id='word_1_276' title='bbox 782 2939 859 2988; x_wconf 85' lang='lat' dir='ltr'>qnam</span> <span class='ocrx_word' id='word_1_277' title='bbox 874 2923 967 2973; x_wconf 88' lang='lat' dir='ltr'>dicunt</span> <span class='ocrx_word' id='word_1_278' title='bbox 979 2937 1032 2971; x_wconf 91' lang='lat' dir='ltr'>nou</span> <span class='ocrx_word' id='word_1_279' title='bbox 1046 2933 1134 2986; x_wconf 76' lang='lat' dir='ltr'>agno·</span> 
     </span>
     <span class='ocr_line' id='line_1_57' title="bbox 645 2987 1135 3054; baseline -0.006 -12"><span class='ocrx_word' id='word_1_280' title='bbox 645 3009 701 3041; x_wconf 90' lang='lat' dir='ltr'>sco.</span> <span class='ocrx_word' id='word_1_281' title='bbox 720 2991 787 3039; x_wconf 85' lang='lat' dir='ltr'>Nam</span> <span class='ocrx_word' id='word_1_282' title='bbox 804 2999 846 3038; x_wconf 88' lang='lat' dir='ltr'>est</span> <span class='ocrx_word' id='word_1_283' title='bbox 861 2988 911 3037; x_wconf 82' lang='lat' dir='ltr'>illu</span> <span class='ocrx_word' id='word_1_284' title='bbox 929 2987 1037 3054; x_wconf 91' lang='lat' dir='ltr'>quidem</span> <span class='ocrx_word' id='word_1_285' title='bbox 1050 2989 1135 3039; x_wconf 89' lang='lat' dir='ltr'>uber-</span> 
     </span>
     <span class='ocr_line' id='line_1_58' title="bbox 645 3055 1129 3123; baseline -0.002 -16"><span class='ocrx_word' id='word_1_286' title='bbox 645 3068 685 3107; x_wconf 86' lang='lat' dir='ltr'>tas</span> <span class='ocrx_word' id='word_1_287' title='bbox 699 3056 828 3122; x_wconf 86' lang='lat' dir='ltr'>quaedum</span> <span class='ocrx_word' id='word_1_288' title='bbox 841 3055 980 3117; x_wconf 82' lang='lat' dir='ltr'>orationis,</span> <span class='ocrx_word' id='word_1_289' title='bbox 990 3055 1064 3123; x_wconf 88' lang='lat' dir='ltr'>quud</span> <span class='ocrx_word' id='word_1_290' title='bbox 1076 3072 1129 3107; x_wconf 88' lang='lat' dir='ltr'>non</span> 
     </span>
     <span class='ocr_line' id='line_1_59' title="bbox 645 3117 1131 3246; baseline 0.004 -70"><span class='ocrx_word' id='word_1_291' title='bbox 645 3124 801 3246; x_wconf 63' lang='lat' dir='ltr'>simplipitp&#39;r</span> <span class='ocrx_word' id='word_1_292' title='bbox 819 3124 939 3241; x_wconf 12' lang='grc' dir='ltr'>(Ιῐαὶῥῐυῑὲ1</span> <span class='ocrx_word' id='word_1_293' title='bbox 955 3117 1092 3243; x_wconf 69' lang='lat' dir='ltr'>ooptp&#39;cap&#39;</span> <span class='ocrx_word' id='word_1_294' title='bbox 1111 3118 1131 3193; x_wconf 75' lang='grc' dir='ltr'><strong><em>ἢ</em></strong></span> 
     </span>
     <span class='ocr_line' id='line_1_60' title="bbox 644 3208 1166 3256; baseline -0.017 -10"><span class='ocrx_word' id='word_1_295' title='bbox 644 3211 697 3246; x_wconf 75' lang='grc' dir='ltr'>κατ</span> <span class='ocrx_word' id='word_1_296' title='bbox 728 3211 764 3245; x_wconf 84' lang='grc' dir='ltr'>αν</span> <span class='ocrx_word' id='word_1_297' title='bbox 801 3210 836 3256; x_wconf 85' lang='lat' dir='ltr'>u,</span> <span class='ocrx_word' id='word_1_298' title='bbox 884 3209 918 3242; x_wconf 89' lang='lat' dir='ltr'>uo</span> <span class='ocrx_word' id='word_1_299' title='bbox 962 3208 1130 3244; x_wconf 75' lang='lat' dir='ltr'>essetsa-</span> <span class='ocrx_word' id='word_1_300' title='bbox 1164 3233 1166 3237; x_wconf 24' lang='lat'><strong><em>⁴</em></strong></span> 
     </span>
    </p>

    <p class='ocr_par' dir='ltr' id='par_1_17' title="bbox 642 3209 1146 4008">
     <span class='ocr_line' id='line_1_61' title="bbox 669 3209 1131 3326; baseline -0.004 -15"><span class='ocrx_word' id='word_1_301' title='bbox 669 3209 1131 3326; x_wconf 64' lang='lat' dir='ltr'>ientioiuqdamprocuptu</span> 
     </span>
     <span class='ocr_line' id='line_1_62' title="bbox 643 3278 1131 3412; baseline -0.004 -34"><span class='ocrx_word' id='word_1_302' title='bbox 643 3278 809 3392; x_wconf 73' lang='lat' dir='ltr'>iiomiuis,</span> <span class='ocrx_word' id='word_1_303' title='bbox 833 3328 880 3378; x_wconf 89' lang='lat' dir='ltr'>sed</span> <span class='ocrx_word' id='word_1_304' title='bbox 902 3328 983 3412; x_wconf 79' lang='lat' dir='ltr'>paulo</span> <span class='ocrx_word' id='word_1_305' title='bbox 1009 3329 1131 3394; x_wconf 84' lang='lat' dir='ltr'>explica·</span> 
     </span>
     <span class='ocr_line' id='line_1_63' title="bbox 645 3389 1131 3464; baseline 0.004 -18"><span class='ocrx_word' id='word_1_306' title='bbox 645 3396 714 3447; x_wconf 86' lang='lat' dir='ltr'>tius:</span> <span class='ocrx_word' id='word_1_307' title='bbox 744 3391 879 3464; x_wconf 75' lang='lat' dir='ltr'>oopoitrp&#39;</span> <span class='ocrx_word' id='word_1_308' title='bbox 901 3414 919 3462; x_wconf 86' lang='grc' dir='ltr'><em>η</em></span> <span class='ocrx_word' id='word_1_309' title='bbox 948 3389 1009 3448; x_wconf 80' lang='grc' dir='ltr'><strong><em>κατ’</em></strong></span> <span class='ocrx_word' id='word_1_310' title='bbox 1038 3394 1131 3462; x_wconf 74' lang='grc' dir='ltr'><strong><em>ἄνδρα</em></strong></span> 
     </span>
     <span class='ocr_line' id='line_1_64' title="bbox 645 3463 1131 3533; baseline -0.012 -16"><span class='ocrx_word' id='word_1_311' title='bbox 645 3465 804 3533; x_wconf 77' lang='grc' dir='ltr'><strong><em>συμβαλεῖν,</em></strong></span> <span class='ocrx_word' id='word_1_312' title='bbox 831 3464 904 3530; x_wconf 87' lang='lat' dir='ltr'>quod</span> <span class='ocrx_word' id='word_1_313' title='bbox 922 3472 975 3512; x_wconf 90' lang='lat' dir='ltr'>est:</span> <span class='ocrx_word' id='word_1_314' title='bbox 996 3463 1131 3529; x_wconf 85' lang='lat' dir='ltr'>sepien-</span> 
     </span>
     <span class='ocr_line' id='line_1_65' title="bbox 645 3527 1130 3599; baseline -0.004 -17"><span class='ocrx_word' id='word_1_315' title='bbox 645 3533 738 3583; x_wconf 88' lang='lat' dir='ltr'>tiora</span> <span class='ocrx_word' id='word_1_316' title='bbox 756 3549 850 3599; x_wconf 83' lang='lat' dir='ltr'>quam</span> <span class='ocrx_word' id='word_1_317' title='bbox 870 3548 931 3596; x_wconf 92' lang='lat' dir='ltr'>pro</span> <span class='ocrx_word' id='word_1_318' title='bbox 950 3539 1051 3596; x_wconf 86' lang='lat' dir='ltr'>captu</span> <span class='ocrx_word' id='word_1_319' title='bbox 1068 3527 1130 3580; x_wconf 91' lang='lat' dir='ltr'>ho·</span> 
     </span>
     <span class='ocr_line' id='line_1_66' title="bbox 644 3597 1130 3664; baseline -0.004 -15"><span class='ocrx_word' id='word_1_320' title='bbox 644 3599 743 3649; x_wconf 87' lang='lat' dir='ltr'>minis</span> <span class='ocrx_word' id='word_1_321' title='bbox 774 3599 814 3650; x_wconf 86' lang='lat' dir='ltr'>ed</span> <span class='ocrx_word' id='word_1_322' title='bbox 844 3597 1130 3664; x_wconf 86' lang='lat' dir='ltr'>intelligendum,</span> 
     </span>
     <span class='ocr_line' id='line_1_67' title="bbox 645 3664 1130 3732; baseline -0.002 -15"><span class='ocrx_word' id='word_1_323' title='bbox 645 3676 673 3717; x_wconf 95' lang='lat' dir='ltr'>ut</span> <span class='ocrx_word' id='word_1_324' title='bbox 690 3667 813 3732; x_wconf 84' lang='lat' dir='ltr'>apposito</span> <span class='ocrx_word' id='word_1_325' title='bbox 827 3664 955 3716; x_wconf 78' lang='lat' dir='ltr'>infinitivo</span> <span class='ocrx_word' id='word_1_326' title='bbox 974 3664 1130 3732; x_wconf 83' lang='lat' dir='ltr'>explicetur,</span> 
     </span>
     <span class='ocr_line' id='line_1_68' title="bbox 644 3731 1130 3801; baseline 0.004 -18"><span class='ocrx_word' id='word_1_327' title='bbox 644 3734 862 3801; x_wconf 88' lang='lat' dir='ltr'>quemadmodum</span> <span class='ocrx_word' id='word_1_328' title='bbox 888 3742 1005 3783; x_wconf 77' lang='lat' dir='ltr'>totores</span> <span class='ocrx_word' id='word_1_329' title='bbox 1023 3731 1130 3785; x_wconf 84' lang='lat' dir='ltr'>intelli-</span> 
     </span>
     <span class='ocr_line' id='line_1_69' title="bbox 642 3800 1130 3868; baseline 0.006 -17"><span class='ocrx_word' id='word_1_330' title='bbox 642 3803 727 3868; x_wconf 84' lang='lat' dir='ltr'>gendu</span> <span class='ocrx_word' id='word_1_331' title='bbox 752 3802 796 3852; x_wconf 87' lang='lat' dir='ltr'>sit.</span> <span class='ocrx_word' id='word_1_332' title='bbox 819 3802 886 3852; x_wconf 89' lang='lat' dir='ltr'>Vide</span> <span class='ocrx_word' id='word_1_333' title='bbox 911 3817 978 3867; x_wconf 83' lang='lat' dir='ltr'>quan</span> <span class='ocrx_word' id='word_1_334' title='bbox 995 3800 1029 3851; x_wconf 92' lang='lat' dir='ltr'>de</span> <span class='ocrx_word' id='word_1_335' title='bbox 1053 3817 1084 3853; x_wconf 84' lang='lat' dir='ltr'>ee</span> <span class='ocrx_word' id='word_1_336' title='bbox 1100 3802 1130 3854; x_wconf 84' lang='lat' dir='ltr'>r&#39;e</span> 
     </span>
     <span class='ocr_line' id='line_1_70' title="bbox 643 3868 1146 3936; baseline 0.008 -16"><span class='ocrx_word' id='word_1_337' title='bbox 643 3870 775 3936; x_wconf 85' lang='lat' dir='ltr'>disputavi</span> <span class='ocrx_word' id='word_1_338' title='bbox 803 3869 837 3919; x_wconf 86' lang='lat' dir='ltr'>ad</span> <span class='ocrx_word' id='word_1_339' title='bbox 854 3869 993 3919; x_wconf 85' lang='lat' dir='ltr'>Devarium</span> <span class='ocrx_word' id='word_1_340' title='bbox 1016 3869 1076 3923; x_wconf 84' lang='lat' dir='ltr'>Vol.</span> <span class='ocrx_word' id='word_1_341' title='bbox 1092 3868 1146 3924; x_wconf 51' lang='lat' dir='ltr'>lis</span> 
     </span>
     <span class='ocr_line' id='line_1_71' title="bbox 644 3936 867 4008; baseline -0.018 -17"><span class='ocrx_word' id='word_1_342' title='bbox 644 3956 671 4008; x_wconf 84' lang='lat' dir='ltr'>p.</span> <span class='ocrx_word' id='word_1_343' title='bbox 689 3938 748 3990; x_wconf 78' lang='lat'><strong>583.</strong></span> <span class='ocrx_word' id='word_1_344' title='bbox 767 3939 800 3989; x_wconf 86' lang='lat' dir='ltr'>R.</span> <span class='ocrx_word' id='word_1_345' title='bbox 819 3936 867 4004; x_wconf 87' lang='lat' dir='ltr'>K.]</span> 
     </span>
    </p>

    <p class='ocr_par' dir='ltr' id='par_1_18' title="bbox 642 4001 1174 4144">
     <span class='ocr_line' id='line_1_72' title="bbox 677 4001 1174 4074; baseline 0.002 -17"><span class='ocrx_word' id='word_1_346' title='bbox 677 4022 702 4057; x_wconf 86' lang='lat' dir='ltr'>v.</span> <span class='ocrx_word' id='word_1_347' title='bbox 721 4006 780 4058; x_wconf 85' lang='grc'><strong>676.</strong></span> <span class='ocrx_word' id='word_1_348' title='bbox 804 4002 888 4073; x_wconf 69' lang='grc' dir='ltr'><strong><em>θέμις</em></strong></span> <span class='ocrx_word' id='word_1_349' title='bbox 910 4002 960 4072; x_wconf 63' lang='grc' dir='ltr'>μὲν</span> <span class='ocrx_word' id='word_1_350' title='bbox 977 4001 1064 4074; x_wconf 67' lang='grc' dir='ltr'><strong><em>ἡμᾶς]</em></strong></span> <span class='ocrx_word' id='word_1_351' title='bbox 1088 4007 1129 4058; x_wconf 82' lang='lat' dir='ltr'>De</span> <span class='ocrx_word' id='word_1_352' title='bbox 1167 4024 1174 4031; x_wconf 90' lang='lat'>·</span> 
     </span>
     <span class='ocr_line' id='line_1_73' title="bbox 642 4070 1128 4144; baseline -0.012 -14"><span class='ocrx_word' id='word_1_353' title='bbox 642 4070 702 4143; x_wconf 74' lang='grc' dir='ltr'><strong><em>μέν,</em></strong></span> <span class='ocrx_word' id='word_1_354' title='bbox 720 4074 793 4144; x_wconf 87' lang='lat' dir='ltr'>quod</span> <span class='ocrx_word' id='word_1_355' title='bbox 816 4073 974 4142; x_wconf 76' lang='lat' dir='ltr'>singularem</span> <span class='ocrx_word' id='word_1_356' title='bbox 991 4073 1128 4131; x_wconf 81' lang='lat' dir='ltr'>notionem</span> 
     </span>
    </p>
   </div>
   <div class='ocr_carea' id='block_1_9' title="bbox 0 0 1310 4546">
    <p class='ocr_par' dir='ltr' id='par_1_19' title="bbox 0 0 1310 4546">
     <span class='ocr_line' id='line_1_74' title="bbox 0 0 1310 4546; baseline 0 1"><span class='ocrx_word' id='word_1_357' title='bbox 0 0 1310 4546; x_wconf 95' lang='lat' dir='ltr'> </span> 
     </span>
    </p>
   </div>
  </div>
 </body>
</html>
