2610 4546
433 352 435 359 A
521 231 758 329 ‘nunnun-

241 427 368 502 δειλαία
392 425 543 499 δειλαίαν
556 426 688 526 γήρως,

342 529 499 617 δουλείας
522 534 582 617 τᾶς
606 526 652 602 οὐ
675 533 805 618 ιλατᾶς,
884 594 887 600 .

342 627 472 718 τᾶς-οὕ
496 636 630 725 φερναῖς·
655 626 740 724 ὤμοι
763 658 830 725 μοι.

242 732 292 820 τίς
316 728 434 826 ἀμύνει
457 758 515 825 μοι
522 759 542 816 ,’,
559 733 639 805 ποία
663 730 766 828 γενεά,
873 738 885 795 ἶ
1088 735 1159 805 160

241 833 322 906 ποία
347 835 383 906 di
407 833 504 921 πόλις
511 861 524 916 ,·

240 940 396 1029 φροῦδος
419 936 577 1031 πρέσβυς,
603 937 754 1028 φροῦδοι
780 936 905 1021 παῖδες.

239 1038 349 1126 ποίαν,
375 1033 401 1135 ἢ
423 1031 598 1133 andronii
622 1036 743 1123 κείναν,

143 1202 147 1218 1
240 1140 374 1234 conixum
398 1135 513 1210 παῖδ’
537 1133 632 1233 nicom
655 1143 728 1209 ποῦ
750 1162 800 1223 τις
824 1137 916 1208 θεῶν

341 1235 364 1337 ἢ
389 1240 524 1333 δαίμων·
538 1235 602 1310 ἔστ’
626 1235 818 1334 ἐπαρωγόςς
1088 1242 1159 1312 165

141 1436 300 1500 invertente
315 1433 416 1508 ἥσμην·
433 1437 466 1492 τὰ
483 1436 579 1509 τρίτον
596 1427 664 1505 ἧστο
681 1435 731 1491 καλ
748 1437 886 1504 καθῆστο.
916 1429 935 1504 ἢ
952 1430 1010 1488 uitri
1029 1435 1082 1490 emi
1097 1433 1161 1506 ἕημι

140 1504 279 1574 δμέλλων
295 1503 365 1574 ἥσω.
401 1509 555 1576 Quanquam
579 1502 638 1576 ἥσω
664 1508 709 1574 qui
734 1524 765 1556 ea
788 1506 897 1555 notione
920 1504 1032 1567 dixerit,
1054 1523 1087 1555 ne
1109 1507 1160 1573 ipsi

141 1577 257 1644 quidem,
275 1576 381 1644 opinor,
398 1576 559 1642 grammatici
576 1587 679 1627 veteres
697 1588 903 1625 commemorare
921 1572 1034 1640 possint.
1068 1576 1160 1641 Longe

135 1645 219 1695 ‘aliam
240 1647 372 1696 rationem
396 1646 528 1711 ingressus
556 1655 597 1696 est
620 1647 807 1708 Porsouus,
836 1641 882 1707 qui
904 1640 1011 1715 qpidem
1041 1641 1070 1698 in
1096 1642 1158 1694 loco

142 1714 180 1762 Di
190 1734 204 1763 o
214 1715 310 1780 nysii
327 1715 398 1764 Hal.
414 1715 447 1764 de
465 1731 551 1780 comp.
564 1713 636 1763 verb.
652 1732 679 1779 p.
693 1713 744 1762 220
765 1711 804 1761 ed.
822 1709 927 1760 Schacf.
948 1708 1099 1760 huiusmodi
1117 1711 1160 1761 le-

142 1782 237 1833 ctionis
256 1783 308 1833 sibi
325 1784 396 1834 visus
415 1792 457 1833 est
473 1781 582 1847 vestigia
600 1779 822 1848 deprehendisse:
858 1778 961 1842 Ποίαν,
979 1771 998 1845 ἢ
1014 1775 1123 1831 ταύταν
1139 1775 1160 1848 ἢ

139 1851 245 1913 κείναν,
263 1852 386 1918 Στείχας
403 1851 490 1904 ποίαν
507 1845 575 1918 δῆθ’
593 1845 723 1920 iperium
747 1848 812 1902 Hori
826 1865 875 1915 μοι
892 1865 935 1908 τις
950 1841 1080 1900 δεώνἪ
1093 1848 1159 1902 δαλ-

141 1939 201 1987 μων
225 1919 300 1974 ἐστὶν
322 1916 448 1990 α’ρωγόςς
486 1921 625 1979 Postremo
649 1917 829 1989 R'cisigius
850 1916 916 1966 haec
940 1915 1020 1966 verba
1045 1917 1158 1985 οιείχω,·

139 1985 233 2043 παῖδ’
251 1989 360 2048 delevit,
378 1989 539 2052 coniungens
557 1987 645 2040 ποίαν
661 1981 805 2051 decitur»
820 1978 839 2048 ἢ
856 1984 953 2037 κείναν
968 1977 1046 2051 Hom,-

210 2074 235 2106 v.
255 2058 313 2107 165.
349 2050 419 2108 ἔστ’
437 2052 640 2122 ἐπαρωγόςς
666 2053 783 2109 Verbum
795 2051 985 2102 substantivum
997 2051 1067 2102 haud
1080 2053 1159 2120 pauci

141 2125 248 2174 codices
268 2124 408 2183 omittunt,
435 2123 463 2172 in
480 2123 565 2186 iisqne
582 2123 638 2189 illi,
661 2121 707 2187 qu'i
724 2115 868 2186 δαιμόνων
882 2119 1026 2186 praebent,
1053 2121 1086 2170 de
1105 2139 1159 2188 quo

141 2193 240 2242 dictum
257 2191 285 2241 in
304 2191 483 2243 annotatione.
517 2186 593 2243 'Eut'
611 2201 700 2240 utrum
724 2189 823 2238 rectius
841 2188 911 2238 absit
926 2203 1036 2248 necne,¹
1049 2188 1162 2240 iudicari

141 2277 195 2310 non
213 2268 318 2326 potest,
335 2259 385 2308 nisi
404 2259 437 2309 de
455 2259 623 2326 stropharum
639 2258 743 2321 ratione
760 2256 1036 2309 certine-constiterit.
1070 2256 1160 2309 Her-

141 2345 259 2378 manno
276 2332 365 2376 'autem
382 2326 471 2377 iudice
489 2328 638 2394 Euripides,
656 2326 679 2378 si
696 2325 788 2394 posuit
804 2323 856 2376 hcc
873 2324 992 2390 verbum,
1016 2326 1159 2394 elegantius
1207 2378 1210 2385 ,

97 2434 99 2438 -
131 2396 284 2474 'scripturus
302 2395 391 2447 fuerat
406 2392 483 2450 ἒοτλν
499 2393 617 2466 ἀρωγός.
1010 2408 1013 2413 ’

80 2568 81 2573 ’
139 2540 200 2616 que,
219 2557 250 2597 nt
261 2546 325 2596 'mihi
343 2546 452 2613 quidem
472 2547 622 2612 videbatur,
672 2533 846 2612 habeat,‘non
857 2545 999 2597 obscurum
1012 2557 1053 2597 est
1066 2546 1101 2609 ei,
1112 2549 1157 2613 qui

141 2615 203 2666 satis
221 2614 395 2683 probabilem,
413 2625 552 2684 antequam
570 2616 622 2667 hoc
670 2626 791 2667 veterum
800 2624 940 2681 poetarum
956 2615 983 2664 in
995 2614 1048 2664 hoc
1062 2633 1158 2680 genera

138 2701 220 2750 genus
235 2685 340 2734 critices
354 2685 386 2733 ab
403 2683 481 2734 huius
494 2685 621 2736 editionis
672 2683 837 2748 diligentiam
851 2683 980 2750 cognorit.
1004 2685 1097 2749 ltaque
1111 2701 1158 2734 sa-

140 2752 377 2804 consilioalienum
387 2753 555 2805 indicassem.
566 2754 624 2805 Ne·
673 2753 709 2804 tis
743 2752 870 2803 habemus
900 2752 1031 2802 indicasse
1062 2752 1157 2817 libros,

138 2838 191 2889 que
210 2839 284 2884 vero,
303 2821 460 2888 quod-fecit
475 2822 639 2874 Matthi-·
673 2838 742 2891 quos
759 2822 837 2872 adeat
855 2821 942 2870 lector
959 2820 1053 2869 talium
1069 2838 1157 2870 rerum

89 2941 93 2948 ,
139 2906 220 2941 aeus
246 2889 274 2939 in
295 2891 491 2940 commentariis
513 2892 623 2955 criticis,
673 2890 819 2940 studiosus.
856 2889 985 2938 (lodicum
1004 2898 1092 2938 tamen
1113 2889 1157 2938 le-
1222 2944 1224 2948 ,

140 2967 173 3009 ut.
193 2958 310 3022 singulas
337 2958 456 3009 virorum
483 2958 625 3009 doctorum
674 2957 788 3018 ctiones,
806 2955 829 3006 si
841 2972 908 3022 quae
919 2957 1103 3006 memorabiles
1118 2957 1158 3007 vi-

139 3026 307 3076 coniecturas
320 3027 624 3087 commemorares-idem
674 3024 808 3087 derentur,
820 3033 847 3072 et
861 3023 1026 3074 coniecturas
1040 3024 1157 3075 virorum

138 3092 204 3141 mihi
219 3091 526 3157 faciendumvidebatur,
541 3110 624 3160 quan·
674 3092 814 3142 doctorum
828 3108 888 3154 eas,
906 3108 973 3159 quae
986 3104 1041 3142 non
1058 3093 1092 3143 ad
1107 3111 1157 3143 so-

140 3159 347 3226 doquidem,·i'd'
357 3161 432 3225 quod
446 3161 559 3211 maxime
575 3179 624 3211 ex·
672 3159 726 3210 lem
757 3174 938 3211 numerorum
961 3161 1157 3213 restitutionem
1208 3177 1212 3182 ’

138 3229 268 3296 petimus,
287 3227 400 3277 iudicari
415 3245 495 3294 quum
510 3229 544 3280 de
559 3231 623 3280 uni·
671 3229 849 3295 pertinerent,
873 3228 1015 3294 diligenter
1033 3232 1155 3280 enotavi-

137 3314 213 3348 versa
227 3295 416 3362 descriptionis
435 3297 548 3360 ratione,
565 3308 622 3348 tum
671 3314 738 3348 mus.
762 3297 892 3348 Tirenum
905 3314 984 3348 causa
996 3299 1157 3350 monendum

139 3367 173 3417 de
192 3365 303 3431 singulis
320 3365 552 3430 correctionibus,
567 3367 623 3416 nisi
671 3375 713 3416 eet
725 3366 876 3432 primarium
884 3383 1019 3416 numerum
1030 3384 1157 3418 esseana-

138 3435 253 3502 speciem
264 3435 347 3501 ipsam
361 3434 514 3500 acfiguram
528 3434 623 3485 carmi-
691 3435 827 3497 uestinum,
835 3452 886 3484 non
896 3435 952 3484 eius
958 3437 1071 3500 generis,
1081 3436 1156 3500 quod

138 3503 178 3552 nis
198 3503 232 3552 ob
262 3503 356 3554 oculos
374 3505 491 3570 positam
514 3503 622 3567 habeas,
671 3450 689 3552 l

131 3568 209 3619 hand
221 3570 300 3621 facile
312 3581 425 3639 potest.r
445 3571 537 3638 Longe
552 3573 622 3622 enim
671 3587 743 3630 rem;
758 3571 866 3621 admixti
882 3581 945 3620 sunt
955 3581 1043 3621 autem
1054 3571 1156 3638 aliquot

138 3637 250 3688 maxima
265 3656 326 3704 pars
346 3636 435 3692 earum
451 3641 622 3692 emendatio·
670 3655 762 3690 versus
774 3638 900 3706 dactylici
912 3650 938 3688 et
951 3639 1109 3690 dochmiaci.

138 3723 212 3773 num,
236 3722 336 3772 quaeat
352 3720 496 3761 metrorum
517 3709 621 3760 ratione
705 3725 729 3758 v.
746 3709 802 3760 162.
835 3708 1020 3776 φροῦδος]
1045 3709 1156 3758 Occi·

135 3777 399 3843 profectaesnnt,>ita
412 3787 622 3847 comparataest,
671 3776 732 3827 dit.
768 3777 868 3827 Troad.
892 3776 940 3827 40:
973 3775 1100 3844 φροῦδος
1124 3774 1156 3830 δὲ

135 3855 181 3911 ut,
206 3861 286 3913 quum
307 3861 392 3910 neque
413 3863 427 3897 a
447 3848 523 3899 libris
543 3848 619 3899 MSS.
670 3845 798 3915 Πρίαμος
807 3842 856 3898 καλ
867 3841 962 3898 τέκνα.
997 3846 1094 3896 Eadem
1117 3845 1155 3898 via

136 3915 334 3977 auctoritatem,
350 3931 435 3980 neque
457 3933 490 3966 ex
509 3926 620 3967 senten·
669 3914 808 3965 verborum
827 3913 973 3980 οἴχεσθαι,
997 3910 1155 3984 βεβηκέναι.

133 3984 231 4033 tiarnm
256 3982 412 4034 conditione
435 3985 620 4036 necessitatum
669 3984 709 4034 De
723 3978 975 4051 ellipsiverbitlv'at
989 3983 1154 4037 ctntatth.

134 4050 259 4114 habeant,
276 4062 362 4102 tamen
379 4050 435 4120 ipsa
450 4053 620 4105 concinnita·
670 4052 718 4104 Gr.
734 4052 759 4118 §i
773 4053 832 4106 306.

133 4119 169 4170 tis
191 4119 415 4188 contemplatione
437 4136 466 4172 se
483 4138 620 4173 commen·
702 4140 728 4173 v·
741 4121 890 4175 let-m
911 4117 943 4175 δ’
964 4115 1085 4188 {corel
1103 4120 1160 4166 Se·

136 4188 199 4241 dere
208 4189 336 4242 debeant:
348 4205 418 4255 quae
427 4206 471 4242 res
480 4191 620 4258 quamnim
669 4207 739 4262 quor
751 4190 813 4243 bai
821 4190 982 4252 diarum,
995 4181 1185 4254 auronum

684 3503 820 3568 egitimum
839 3512 950 3566 vocant,
977 3503 1025 3553 sed
1041 3503 1156 3555 liberio·
1229 3562 1235 3567 ,
1296 3493 1300 3500 ’
