2610 4546
540 243 722 306 linunt.

134 410 229 500 φυγῇ
252 407 398 475 πολιτῶν
422 391 469 472 oin
495 399 632 494 ἄφίκετο
657 401 775 494 χθόνα,

135 502 220 630 ᾗπερ
244 505 378 599 μεγίστη
402 502 544 596 γίγνεται
568 503 723 597 σωτηρία,

135 632 216 677 οταν
240 601 326 698 tvvs}
353 599 439 694 πρὸς
464 598 570 693 ἄνδρα
594 599 640 696 μὴ
666 605 851 692 διχοστατβ·
922 627 925 631 ·
1110 617 1155 683 15

135 710 200 777 νῦν
223 701 254 775 d’
278 699 382 796 ἐχθροὶ
407 699 524 788 πάντα,
550 701 607 770 καὶ
630 706 723 772 νοσεῖ
745 697 784 768 τὰ
810 701 960 792 φίλτατα.
1068 736 1074 743 ·

136 799 285 897 προδοὺς
309 799 371 896 γὰρ
399 798 507 872 αὑτοῦ
531 801 627 885 τέκνα
653 798 807 871 δεσπότιν
831 798 860 870 τ’
884 800 965 897 ἐμὴν

135 904 253 999 γάμοις
277 901 391 974 Ἰάσων
415 907 598 993 βασιλικοῖς
622 897 803 987 εὐνάζεται,

134 1003 241 1100 γήμας
268 1001 435 1095 Κρέοντος
459 998 559 1088 παῖδ’,
586 997 625 1087 ὃς
650 1003 796 1098 αἰσυμνᾷ
821 1001 955 1094 χθονός.

136 1102 270 1199 Μήδεια
294 1099 324 1173 d’
349 1099 371 1197 ἡ
396 1100 563 1198 δύστηνος
586 1099 789 1196 ἠτιμασμένη
1004 1126 1016 1141 “
1107 1111 1156 1179 20

136 1249 243 1301 licentia
260 1267 332 1311 usus,
349 1265 426 1329 quam
438 1265 523 1298 sermo
539 1247 654 1298 Graecos
671 1248 815 1298 concessit:
835 1245 998 1301 oivdcivcvcn
1014 1248 1065 1316 μὲν
1080 1252 1157 1321 φανῇ

135 1317 257 1371 πολιτῶν
282 1307 321 1367 οἷν
346 1315 462 1380 αφῐκετο
481 1311 583 1379 χθόνα.
633 1316 787 1365 Simillimus
812 1327 851 1365 cst
874 1317 948 1366 locus
976 1319 1157 1385 Euripidis

137 1386 170 1436 de
188 1383 335 1434 Heraclidis
356 1398 380 1432 v.
399 1383 431 1431 67
450 1399 510 1446 sq.‚
537 1399 613 1447 quem
639 1384 728 1431 attulit
752 1385 780 1431 P.
808 1383 1014 1433 Elmsleius:
1039 1378 1155 1456 'Anneio'-

135 1448 187 1520 ἐγὼ
207 1448 238 1503 dl
255 1448 370 1515 τοτ’ςὸε,
394 1443 448 1500 udin
464 1445 498 1499 οὐ
524 1445 562 1514 μὴ
581 1446 680 1515 θέλῃς,
704 1441 772 1511 ’Ἆξω
790 1451 909 1514 κομίζων
927 1441 1013 1519 οὗπέρ
1033 1453 1081 1505 εἰτ’
1100 1450 1156 1506 Εν’-

135 1517 270 1589 cuc-&imt-
303 1518 342 1567 td
372 1526 412 1566 cst
443 1516 512 1564 enim
536 1516 601 1565 nihil
631 1516 704 1565 aliud
729 1516 795 1564 nisi:
832 1513 888 1580 ἄξω
910 1519 1028 1584 νομίζων
1056 1521 1155 1584 τούτω,

136 1579 224 1654 οὗπέρ
242 1585 291 1638 εἶν’
309 1581 487 1653 Εὐρυσθέως.
522 1583 587 1631 Nam
603 1584 677 1668 guod
690 1583 721 1630 G.
741 1585 958 1634 Hermannus
975 1588 1086 1652 putavit,
1105 1575 1156 1639 ndu

134 1651 249 1710 τούτοις
273 1661 333 1699 unte
358 1651 433 1717 φυγῇ
455 1650 576 1700 πολιτῶν
593 1669 646 1710 ων,
671 1650 717 1698 sed
742 1650 827 1714 potius
847 1650 941 1708 infine
959 1655 1105 1704 sententiae
1127 1674 1157 1706 ex

136 1719 286 1770 accusativo
304 1715 398 1785 χθόνα
415 1715 591 1783 supplendum
617 1734 673 1766 esse
690 1716 777 1782 χθονί
793 1716 834 1765 vel
853 1714 952 1786 ταύτῃ,
970 1719 998 1768 id
1017 1719 1157 1787 dupliciter

135 1789 232 1839 fulsum
250 1795 308 1836 est:
334 1786 444 1851 primum
463 1784 534 1851 quod
552 1785 608 1851 ipsa
626 1785 765 1834 verborum
785 1785 944 1835 collocatio:
976 1780 1156 1843 ἁνδάνου-

136 1871 178 1910 cce
195 1851 258 1921 μὲν
280 1853 358 1922 φυγῇ
381 1851 541 1904 πολιτῶν
562 1843 607 1904 ὦν
625 1849 741 1918 ἄφίκετο
763 1849 870 1918 χθόνα,
895 1854 1044 1918 primarium
1071 1859 1097 1907 iu
1115 1859 1155 1910 his

135 1923 222 1974 verbis
241 1921 376 1972 notionem
394 1937 450 1969 esse
468 1919 591 1971 πολιτῶν
608 1921 733 1980 ostendit,
753 1919 848 1969 doinde
867 1921 946 1998 quod,
967 1939 1045 1988 quum
1063 1922 1156 1992 χθόνα

135 1991 179 2040 hic
205 1999 295 2056 aperte
314 1988 381 2036 nihil
399 1987 528 2051 significet
547 1989 596 2036 nisi
614 1998 744 2038 terram
762 1986 863 2035 illum
883 2005 1005 2053 ipsum,
1035 2008 1156 2060 mquam
1225 2043 1235 2058 ,

137 2057 273 2122 vestigium
316 2065 420 2105 osuernt
443 2053 550 2118 Medea,
576 2072 628 2104 uon
655 2054 838 2103 civitatem
856 2053 899 2103 vel
925 2055 1061 2106 incolas
1080 2061 1156 2109 eins

135 2135 267 2189 terrae,
287 2121 456 2190 αιινρολονία
473 2129 551 2183 esset,
570 2122 591 2170 si
610 2121 735 2168 vellemus
753 2136 829 2167 unum
847 2137 939 2168 vocem
959 2121 1100 2188 dupliciter
1114 2128 1157 2176 in-

136 2191 264 2254 telligere.
289 2193 326 2237 Ac
345 2205 422 2237 nemo
442 2186 521 2236 etiam
534 2187 560 2234 in
577 2186 671 2236 Latino
690 2201 817 2250 sermone,
836 2187 859 2235 si
878 2188 981 2252 quando
1000 2189 1064 2241 hoec
1078 2195 1157 2244 verba

136 2257 222 2306 audit:
255 2255 399 2321 placens
425 2253 560 2320 quidem
585 2253 777 2320 inquorum
797 2253 927 2303 civium
952 2256 1049 2308 fines
1077 2261 1157 2326 fuga
1213 2275 1216 2281 '

137 2341 195 2374 sun
218 2331 445 2390 pervenerat,
470 2319 546 2369 aliter
569 2321 699 2386 intelliget
716 2321 767 2370 nisi
784 2321 836 2384 ita,
855 2333 883 2372 ut
901 2339 915 2371 e
934 2327 1103 2390 sequentibus
1121 2330 1155 2381 ud

135 2393 281 2458 placens
307 2406 448 2456 pronomen
468 2388 511 2437 iis
537 2390 669 2439 adsumat:
703 2390 848 2456 placen's
874 2390 1007 2456 quidem
1030 2395 1089 2457 iis,
1123 2399 1155 2446 in

107 2464 278 2524 ‘qnorum
303 2457 429 2507 civium
452 2459 674 2522 terramfuga
692 2475 752 2507 sua
772 2472 996 2522 pervenerat.
1032 2464 1153 2514 Ceterum

135 2541 189 2576 non
208 2544 272 2592 opus
290 2535 331 2575 est
347 2543 362 2574 a
378 2523 465 2584 nobis,
483 2524 614 2590 explicata
631 2524 745 2575 omnium
763 2525 889 2589 librorum
908 2529 1073 2590 auctoritate,
1093 2549 1156 2581 con-

136 2592 216 2643 futari
235 2593 407 2656 coniecturas,
426 2608 489 2658 quas
507 2592 571 2641 sutis
588 2593 684 2643 multas
702 2594 817 2656 satisque
835 2592 985 2644 temerarias
1004 2595 1030 2646 h.
1049 2595 1068 2645 l.
1082 2599 1156 2647 fece-

137 2670 199 2709 runt
217 2659 310 2711 critici.
347 2660 378 2708 R.
397 2659 431 2708 K.

136 2755 247 2813 πάνιαι
271 2760 361 2810 intulit
387 2760 455 2810 enim
474 2770 536 2826 post
556 2777 619 2828 par·
670 2762 734 2813 loct.
757 2761 815 2813 623.
852 2763 951 2828 Tetigit
973 2775 1091 2816 nostrum
1110 2767 1154 2818 lo-

101 2832 107 2844 '
136 2829 256 2894 ticipinm
284 2829 391 2879 verbum
421 2829 537 2894 finitum,
566 2847 618 2896 quo
670 2848 728 2881 cnm
748 2831 1034 2884 etiamlilmsleins
1051 2836 1083 2884 ud
1100 2837 1155 2885 He-

136 2896 204 2946 nilril
228 2896 401 2962 frequentius·
444 2897 618 2945 Lucienus
669 2897 731 2946 racl.
752 2897 811 2948 919.

137 2965 244 3013 lcsrom.
283 2964 306 3030 β.
335 2965 380 3013 11:
415 2959 475 3015 ἄλλ’
500 2959 546 3014 ἐπὶ
569 2961 620 3013 τὸν
703 2981 728 3011 v.
750 2965 788 3010 14.
813 2959 897 3028 ἥπερ]
922 2966 942 3012 Ι.
967 2983 990 3014 e.
1010 2962 1086 3034 ὅπερ,
1106 2971 1155 3018 etsi

131 3025 276 3096 Ὄλυμπον
299 3023 407 3096 ἆναβάς
432 3027 480 3078 καὶ
498 3025 536 3084 ὥς
554 3025 620 3090 ἐνῆν
669 3028 773 3076 fallitur
794 3028 1008 3091 Musgruvius
1030 3033 1058 3082 id
1075 3050 1155 3101 repo·

136 3095 255 3160 μάλιοτα
265 3089 619 3157 κούφωςέιιιοιτιοάμενος,
671 3093 784 3142 nendum
804 3094 957 3149 existimans.
994 3101 1055 3152 vid.
1074 3103 1154 3153 Her.

137 3159 170 3213 τὸ
202 3155 301 3212 λοιπὸν
332 3156 438 3209 ἔτεινον
469 3153 541 3210 eride)
567 3160 619 3210 τοῦ
672 3177 774 3211 mann.
794 3162 828 3211 od
847 3163 932 3228 Viger.
953 3183 979 3232 p.
1002 3169 1061 3221 708,
1082 3172 1153 3223 conf⁴

138 3224 272 3296 οὐρανοῦ,
291 3221 321 3275 τὸ
339 3222 390 3288 μὲν
406 3224 518 3291 πρῶτον
535 3225 621 3291 lisy·
671 3227 788 3277 Matth.
808 3230 831 3293 β.
850 3231 909 3281 476.

136 3294 224 3362 γιοῖν
238 3289 295 3346 ὑπὸ
311 3291 363 3345 τοῦ
375 3287 494 3362 βάθους,
508 3290 622 3375 perdidi
705 3312 730 3343 v.
753 3295 791 3346 16.
815 3297 912 3348 Nunc
930 3318 1005 3352 vero
1023 3304 1154 3357 infesta

138 3361 275 3430 ἔφερον
300 3358 348 3412 καὶ
372 3359 458 3412 τοῦτο
483 3361 619 3428 ενμαριὸς.
673 3363 777 3412 omnia
797 3374 830 3413 et
848 3365 1031 3420 discrimen
1056 3373 1156 3421 adest

138 3428 619 3494 cf.Boeckh.nxp1icat.ad1³ind.
672 3430 849 3481 carissimi
888 3434 1057 3499 pignoris.
1111 3439 1154 3490 Tol
1210 3423 1216 3435 ’

137 3516 163 3564 p.
179 3499 237 3548 105.
671 3498 792 3562 φίλτατα
824 3500 888 3548 alibi
913 3503 1006 3552 eximie
1032 3504 1156 3555 dicuntur

92 3589 97 3598 ι
172 3581 198 3616 v.
228 3564 269 3614 13.
313 3560 407 3615 πάντα
440 3557 619 3628 σνμφὲρονσ’]
670 3563 1155 3630 perentibnslibericl.Hemsterh.

140 3632 227 3682 omnia
245 3647 294 3680 unn
312 3632 439 3694 tolerans,
459 3629 579 3680 omnibus
592 3629 620 3677 in
671 3631 704 3678 nd
724 3630 830 3683 Lucian.
850 3635 882 3683 Τ.
900 3637 920 3684 1.
939 3654 964 3701 p.
984 3637 1039 3686 177.
1065 3639 1155 3688 val.

138 3699 218 3749 rebus
238 3715 357 3748 concors.
377 3697 619 3763 Aristoplr.Ly·
672 3697 766 3746 cken.
786 3700 820 3748 ad
840 3699 939 3750 Phoen.
958 3704 1030 3767 437„
1063 3707 1155 3756 sedet

138 3766 207 3817 siste.
226 3765 287 3816 165:
313 3761 348 3818 ον’
364 3762 416 3848 νὰς
429 3761 558 3818 οὐδέποτ’
573 3759 619 3816 ια’-
672 3764 779 3813 maritus
798 3767 883 3827 uxori,
904 3778 933 3817 nt
952 3772 1028 3820 Herc.
1042 3773 1071 3822 F.
1085 3775 1154 3837 514„

138 3829 441 3904 φρανθήσεταιἈνηρ,
466 3829 566 3900 deinter)
585 3832 621 3902 τῇ
673 3832 786 3896 deniqne
819 3833 951 3899 proximus
981 3839 1092 3907 quisque
1128 3854 1154 3894 et

138 3901 250 3968 cnseret
269 3898 404 3969 συμφέρῃ.
430 3901 520 3952 Medio
540 3900 622 3950 utitur
672 3900 783 3949 maxime
802 3901 923 3954 dilectus.

138 3970 243 4021 Plato
263 3971 296 4020 de
314 3971 393 4035 Legg.
410 3969 457 4019 XI.
473 3988 498 4035 p.
514 3969 573 4019 929.
592 3969 620 4021 E.
671 3979 673 3984 '
706 3986 729 4019 v.
751 3968 790 4019 19.
825 3970 957 4043 αἰσνμνᾴ]
977 3975 1034 4025 Ηοο
1054 3976 1153 4028 locoi.

140 4036 181 4086 ef.
201 4039 378 4090 Hermann.
400 4035 432 4085 ad
451 4036 532 4103 Soph.
555 4035 621 4086 Phi·
671 4055 695 4104 q.
715 4034 862 4106 βασιλεύει,
880 4040 953 4092 cuius
979 4043 1051 4094 verbi
1077 4046 1154 4094 etiarn
