2610 4546
564 212 781 285 necnon.
824 187 826 191 ‘
1146 225 1188 288 cs

263 375 389 472 μόσχον
414 377 543 451 δειλαία
567 375 716 449 δειλαίαν
1110 394 1185 466 205

263 479 386 569 eigdrier
410 474 522 571 χειρδς
547 473 761 573 οἷ-ναρααστδν

363 586 426 668 σᾶς
451 577 530 667 cisto,
556 578 758 673 lurpdcopdv
781 575 818 651 θ’
832 574 930 681 ’Ἅιδη

260 686 323 775 γᾶς
346 678 628 775 ὑποκεμαομέναν
652 681 785 771 σκότον,
811 680 895 755 ἔνθα
920 689 1047 778 νεκροῖν
1070 687 1152 779 μέτα

260 781 399 855 τιίλαινα
423 785 583 876 κείσομαι.
1107 797 1182 869 210

260 885 297 958 oi
323 885 393 979 μέν,
419 874 448 956 ui
471 891 573 979 μᾶτερ
597 881 739 957 δύστανε
764 883 854 976 βίον,

357 987 462 1058 κλαίω
485 985 711 1081 πανοδιίραοις
734 983 887 1081 θρήνοις·

259 1084 318 1159 cdo
343 1085 422 1181 ἐμὸν
446 1090 483 1160 δὲ
507 1090 591 1183 βίον,
617 1087 729 1181 λώβαν
754 1086 866 1180 λύμαν
888 1083 927 1175 τ’,

254 1185 300 1260 οὐ
324 1191 569 1282 μειακλαίομαι.
605 1186 689 1261 ιίλλδ
714 1195 832 1261 θανεῖν
856 1215 914 1283 μοι

257 1287 416 1385 ξυντυχία
441 1294 604 1387 κρείσσων
628 1289 798 1385 ἐκύρησεν.
1103 1300 1178 1373 215

332 1450 333 1454 ,
567 1397 644 1465 XO
653 1397 684 1463 Ρ
692 1396 722 1462 O
730 1395 772 1462 Σ.
1029 1424 1036 1437 ·

142 1491 211 1564 οιαὶ
233 1487 301 1588 μὴν
324 1487 511 1581 Ὀδυσσεύς
536 1493 659 1588 ἔρχεται
684 1493 821 1582 σπονδῇ
844 1488 960 1579 ποδός,

147 1587 286 1690 Ἑκάβη,
308 1593 388 1666 νέον
412 1618 444 1666 τι
468 1590 553 1687 πρὸς
579 1597 616 1668 σὲ
642 1598 800 1691 σημανῶν
825 1591 913 1680 ἔπος.

499 1700 567 1769 ΟΛ
581 1699 731 1769 ΥΣΣΕ
744 1698 823 1765 ΥΣ.

150 1793 262 1888 γιίναι,
290 1798 381 1869 δοκῶ
405 1795 466 1890 μίν
489 1795 521 1870 ff
547 1800 667 1873 εἰδέναι
692 1795 826 1892 ηνοίμην
851 1796 999 1887 στρατοῦ

149 1895 269 1994 δημόν
293 1925 327 1970 τε
341 1894 413 1998 ,τὴν
437 1909 649 2001 κρανθεῖσαν·
677 1895 749 1971 ἄλλ’
774 1894 865 1992 ὅμως
889 1894 1020 1992 φράσω.

148 2127 196 2178 lud
215 2128 294 2178 simul
311 2129 469 2179 vocabulum
488 2139 524 2189 et,
543 2129 615 2196 quod
633 2147 692 2182 voc.
708 2124 833 2201 α’ῤῥὴταν
846 2129 993 2178 subiectum
1009 2139 1058 2195 est,
1075 2150 1106 2186 τε
1126 2135 1172 2186 de.

148 2195 214 2245 levit
232 2197 388 2262 Kingius.
425 2198 528 2247 Deinde
547 2208 606 2248 ante
625 2200 813 2249 Porsonum
830 2196 997 2248 scribebatur
1014 2188 1094 2268 ω’ρσε.
1205 2199 1207 2204 ’

97 2264 102 2273 ”
217 2282 242 2313 v.
260 2266 321 2316 210.
356 2265 442 2331 ,Vulgo
460 2261 479 2318 ri
497 2261 625 2319 τάλαινα.
656 2267 804 2317 Articulum
815 2265 1169 2324 deleveruntSeidlerus

143 2339 175 2380 et
192 2333 405 2384 Hermannus
425 2336 452 2384 iu
469 2335 552 2385 Eleni.
570 2336 656 2386 doctr.
674 2345 750 2387 metr.

213 2417 238 2451 v.
257 2403 318 2453 211.
353 2403 440 2468 Vulgo
458 2401 507 2455 καλ
530 2401 639 2471 σὲμέν,
663 2405 751 2474 μᾶτερ
777 2398 906 2456 δύστανε.
943 2401 1028 2454 codd.
1047 2407 1170 2462 nonnulli

143 2465 287 2522 δυστάνου
306 2471 377 2539 βίον,
396 2472 467 2522 unde
481 2473 562 2533 illud,
580 2473 652 2539 quod
670 2473 788 2538 reposui,
806 2471 897 2522 effecit
914 2470 1134 2527 Hermunnus.

138 2571 141 2577 -
215 2556 240 2591 v.
250 2540 311 2590 212.
334 2541 447 2590 Blomf
450 2541 459 2589 i
469 2541 568 2591 oldus
583 2541 618 2591 ud
630 2541 726 2592 Aesch.
741 2543 814 2594 Pers.
825 2541 884 2591 935.
898 2537 974 2588 molit
986 2541 1168 2613 πανδιίρτοις.

142 2688 252 2756 griphos
267 2700 294 2740 et
310 2688 455 2757 aenigmata
470 2690 584 2741 reddere
601 2709 631 2742 ac
681 2689 791 2742 tellecta
802 2707 842 2752 re,
855 2690 977 2758 querelas
990 2690 1087 2746 fundit.
1110 2697 1168 2747 Sci-

141 2768 265 2825 tanquam
277 2760 310 2809 de
323 2778 352 2810 re
368 2760 481 2810 obscura
491 2769 517 2810 et
528 2760 631 2811 incerta
681 2761 746 2811 licet
760 2771 813 2811 tam
830 2759 898 2810 illud
913 2760 1076 2825 inopinatum
1095 2774 1166 2816 tam-

140 2825 225 2893 loqui.
269 2829 337 2879 Huic
360 2828 440 2894 igitur
461 2829 630 2894 perversitati
680 2847 732 2896 que
752 2829 860 2880 crudele
880 2828 934 2878 fnit
957 2830 1111 2899 consilium,
1136 2844 1166 2885 ut

129 2897 629 2963 'transpositionemedeturvirdoctis·
679 2897 790 2964 repetita
822 2898 926 2947 demum
952 2900 1104 2950 narratione
1132 2903 1166 2953 ed

141 2964 237 3014 simus:
256 2965 319 3013 mihi
335 2966 384 3014 hac
397 2964 503 3030 quidem
517 2965 550 3014 de
564 2982 629 3014 cau-
680 2966 841 3015 credendum
861 2962 1038 3016 adduceretur
1059 2977 1085 3017 et
1105 2985 1164 3020 ma-

142 3050 171 3082 sa
194 3032 262 3081 nihil
282 3042 380 3082 temere
398 3032 548 3081 novandum
570 3049 628 3081 esse
678 3033 843 3096 gnitudinem
859 3031 970 3097 periculi
989 3050 1019 3082 ex
1036 3034 1095 3100 ipsa
1114 3037 1163 3090 illu

97 3115 100 3124 ·
142 3108 258 3148 constat.
283 3096 628 3164 Ipsaenirullluextremo-
678 3097 856 3151 haesitatione
869 3100 1040 3152 coniectaret.

139 3182 199 3215 rum
211 3166 352 3216 verborum
364 3166 510 3216 obscuritas
518 3167 561 3216 vel
571 3185 628 3218 ma-
713 3186 736 3219 v.
746 3169 805 3220 202.
823 3172 909 3228 παῖς
926 3160 946 3220 di
952 3168 969 3222 δ
975 3164 998 3235 ’]
1023 3172 1044 3221 l.
1059 3187 1083 3221 e.
1098 3166 1161 3239 ἐγώ.

113 3259 116 3261 ·
139 3235 209 3286 xime
227 3245 288 3301 apta
309 3235 415 3284 videtur
436 3234 527 3300 matri,
550 3254 627 3304 quae,
677 3237 1160 3305 V.Sohaefer.Melet.crit.p.ll⁴l.

140 3319 221 3371 quum
241 3315 269 3353 et
288 3321 336 3353 suo
353 3303 437 3370 ipsius
456 3303 552 3352 dolore
574 3322 627 3370 op·
710 3306 804 3357 utos.
817 3301 1099 3376 ἄναρκαστδιν1Ε
1115 3319 1161 3362 tua

138 3388 232 3440 pressa
253 3382 278 3422 et
299 3372 370 3422 filiae
390 3370 485 3421 acriter
501 3370 625 3422 instantis
675 3389 753 3425 manu
762 3386 864 3442 raptam
878 3392 908 3425 ac
920 3376 953 3425 de
966 3376 1055 3427 medio
1068 3377 1160 3429 subla-

138 3442 260 3507 precibus
269 3442 339 3492 victa
347 3441 468 3491 nuntium
478 3440 565 3490 caedis
572 3441 624 3491 sibi
674 3451 736 3492 tam.
755 3446 771 3492 S
783 3445 859 3509 oph.
873 3443 915 3494 El.
930 3444 997 3494 848:
1016 3439 1108 3515 δςνᾶρ
1121 3443 1159 3499 ἔτ’

137 3509 205 3575 eripi
222 3527 297 3576 pessa
309 3521 388 3572 esset,
406 3519 480 3560 tanta
493 3509 531 3558 rei
546 3519 625 3560 atro·
673 3501 725 3576 ἦν,
743 3512 867 3580 φροῦδος
887 3506 1090 3582 ἀναρπασθείς.
1116 3515 1157 3568 Cf.

139 3576 220 3627 cita'te
229 3579 451 3630 commotavideri
460 3578 549 3640 debet,
561 3595 623 3628 mox
672 3580 823 3632 Dorvill.
838 3583 872 3633 ad
887 3580 984 3630 Charit.
1002 3598 1026 3647 p.
1038 3582 1098 3634 416.

106 3660 110 3670 ²
136 3653 168 3694 ut
185 3645 272 3696 verbis
291 3658 408 3699 uteretur
422 3648 507 3701 minus
524 3647 622 3696 defini·
705 3665 729 3699 v.
746 3649 805 3699 210.
841 3649 1025 3716 κείσομαι]
1057 3649 1157 3702 Eximio

135 3713 181 3775 tis,
200 3730 239 3775 ac,
252 3715 273 3763 si
287 3733 374 3766 verum
389 3717 477 3767 dicere
489 3715 622 3779 volumus,
670 3714 724 3766 hoc
739 3717 847 3768 verbum
861 3720 894 3770 de
910 3718 1021 3768 mortuis
1036 3719 1156 3785 ponitur.

134 3781 172 3833 ita
188 3783 356 3849 loqueretur,
373 3795 404 3835 ut
417 3795 519 3836 cautam
536 3785 619 3835 dece·
669 3783 768 3850 Soph.
783 3787 871 3853 Antip.
892 3786 939 3837 76:
964 3783 1023 3839 ἐκεῖ
1037 3783 1091 3855 γὰρ
1110 3782 1157 3842 αἰεί

134 3849 181 3900 bat
193 3851 220 3901 in
232 3865 261 3900 re
274 3853 426 3902 nuntiorum
436 3854 487 3905 lide
500 3864 618 3920 accepta·
668 3853 805 3920 κείσομαι.
827 3855 906 3906 Euri
915 3871 939 3920 p.
954 3855 1063 3907 Phoen„
1072 3856 1153 3915 1282:

134 3919 228 3986 Neque
236 3919 306 3969 illud
319 3921 413 3969 mirum
426 3922 510 3973 videri
521 3932 619 3989 potest,
667 3923 793 3976 θανοῦσι
810 3919 838 3976 δ’
853 3917 951 3984 αὐτοῖς
971 3925 1155 3980 συνθανοῦσα

134 3989 208 4055 quod
226 3990 359 4055 Polyxena
384 3989 499 4054 priorem
528 3991 618 4042 matris
667 3991 1154 4066 κείσομαι.8αμμ1.1063επόσειγοὶρ

134 4057 295 4123 orationem,
320 4057 417 4107 claram
434 4076 465 4108 ac
486 4057 618 4127 disertam,
666 4061 852 4115 συνθανοῦσα
864 4063 1001 4130 κείσομαι.
1036 4117 1042 4121 ,

133 4140 185 4175 non
202 4127 337 4192 percipere
350 4126 471 4182 videtum
489 4135 561 4195 post,
574 4127 616 4178 iu·
702 4130 793 4185 v.219.
803 4128 1158 4199 uoovdeiootvl'froed.

163 4194 255 4260 Eurip.
269 4195 330 4248 Vol.
338 4196 359 4246 l.
367 4198 479 4247 Sectll.
829 4195 860 4264 ἲ,
