2610 4546
552 260 743 362 unone

133 432 229 527 χάριν
252 431 392 523 μεθεῖσα
415 426 594 496 κατθανεῖν
618 420 746 517 χρῄζω,
772 417 878 511 φίλαι,

345 514 359 549 'l'

133 535 168 606 ἐν
195 521 224 631 pi
246 528 309 624 γὰρ
333 553 380 621 ην
403 552 461 617 μοι
484 521 592 621 ιηόντα
614 518 806 617 γιγνώσκειν
829 522 948 606 καλῶς,

133 630 289 717 κάκιστος
314 625 445 716 ἀνδρῶν
470 619 613 717 ἐκβέβηχ’
638 617 746 713 οὑμός
769 615 877 706 πόσις.

134 731 266 805 πάντων
290 725 321 801 ‹l’
344 721 397 797 όσ
420 721 484 798 ἔστ’
508 723 639 815 ἔμψυχα
661 721 717 791 καλ
739 716 873 816 γνώμην
896 716 958 812 ἔχει
1082 722 1157 791 230

135 829 289 928 γκιναῖκές
313 827 409 919 ἐσμεν
433 822 639 897 ἀθλιώτατον
663 818 790 916 φυτόν·

135 929 176 1020 ἃς
198 937 316 1026 προῖκα
339 927 399 1019 μὲν
423 930 475 998 δεῖ
495 921 670 1020 χρημάτων
692 918 863 1014 ὑπερβολῇ

134 1032 235 1105 κόσιν
256 1029 422 1126 πρίασθαι
445 1024 610 1121 δεσπότην
632 1049 667 1096 τε
692 1020 848 1114 στόματος

134 1139 255 1228 λαβεῖν·
279 1132 389 1202 κακοῦ
411 1124 475 1222 γὰρ
500 1124 595 1198 τοῦδ’
619 1121 662 1196 ἕν’
687 1120 801 1219 ἄλγιον
826 1116 942 1206 κακόν,

136 1381 237 1430 iectura
256 1385 412 1443 posuerunt:
430 1367 508 1427 τοῦτ’
521 1368 558 1425 ἔτ’
575 1365 682 1439 ἄλγιον,
699 1371 728 1420 id
745 1368 830 1421 minus
847 1376 938 1435 aptum
955 1367 990 1417 ed
1003 1365 1159 1416 seutentiam

136 1455 186 1499 est.
204 1449 263 1496 lure
275 1443 343 1495 enim
353 1441 563 1493 A.Matthiee
581 1440 649 1491 dixit
666 1455 725 1489 esse
742 1438 835 1489 verba:
852 1434 943 1488 κακοῦ
959 1431 1012 1503 γὰρ
1026 1423 1104 1486 τοῦδ’
1122 1425 1159 1482 ἔτ’

93 1568 96 1574 ,
136 1507 346 1582 ἄλγιονιιοοιόν,
364 1511 438 1576 quasi
453 1509 546 1560 Latine
566 1508 654 1558 dicos:
685 1505 751 1556 sed
769 1499 1158 1554 hoolevezistocenim

136 1582 227 1632 molo
246 1577 408 1630 acerbius
427 1585 481 1627 est
498 1575 611 1640 aliud,
635 1575 725 1640 itaque
742 1582 815 1622 recte
832 1570 937 1636 negarit
954 1568 1002 1618 ille
1021 1568 1062 1617 rix
1078 1581 1159 1632 posse

136 1650 230 1700 deesse
248 1644 437 1697 accuratiorem
461 1643 649 1703 definitionem,
667 1656 745 1708 quarn
763 1654 909 1704 pronomen
925 1633 1159 1700 demonstrativum

139 1716 298 1768 contineret.
333 1712 400 1761 Tum
425 1721 510 1761 eutem
526 1720 587 1777 post
602 1705 690 1763 κακόν
713 1707 807 1757 eodem
833 1716 942 1756 auctore
959 1703 1046 1753 minor
1065 1700 1160 1751 distin·

135 1783 190 1834 ctio
208 1780 331 1850 ponendo
348 1789 396 1844 est,
420 1779 481 1844 quio
498 1777 578 1839 rerba
600 1794 668 1844 qoss
685 1784 845 1841 sequuntur:
868 1766 924 1826 κᾶν
940 1765 1004 1844 τῷδ’
1022 1762 1098 1835 οἶνόν
1113 1763 1159 1835 με’-

134 1865 237 1918 ymos,
254 1848 320 1898 nihil
338 1845 475 1897 continent
492 1845 544 1895 nisi
569 1844 773 1910 explicationem
798 1842 930 1908 priorum,
955 1857 1004 1890 nec
1022 1839 1073 1888 iam
1091 1852 1159 1886 nora

135 1919 163 1969 in
176 1935 208 1969 eo
220 1918 283 1967 loco
302 1914 406 1966 orditur
423 1913 561 1963 sententia.
579 1914 704 1962 Fortasse
723 1910 802 1960 etiam
818 1911 845 1959 in
862 1907 1031 1974 Aeschyli
1049 1908 1158 1956 Prome—

135 1986 199 2036 theo
217 2002 242 2035 ν.
255 1984 314 2034 933.
331 1997 391 2031 curn
407 1979 577 2030 Elmsleio
595 1978 794 2031 rescribendum
812 1988 864 2030 est:
880 1971 943 2031 Ἀλλ’
960 1965 1051 2028 ἆθλον
1064 1966 1100 2026 ἅν
1113 1988 1158 2024 σοι

136 2049 215 2108 τοῦδ’
232 2045 270 2106 ἔτ’
286 2045 372 2117 τλλγλοι
389 2044 484 2118 κόροι.
501 2049 532 2097 ll.
549 2048 584 2097 K.

137 2281 196 2316 nem
213 2265 309 2317 horum
327 2265 468 2315 verborum
485 2263 622 2332 expliosn-
671 2258 813 2329 γάνοοοιν,
826 2258 865 2322 oie
880 2259 986 2328 κε’μτιοι
998 2255 1062 2314 τινὰ
1081 2255 1157 2326 dde-

134 2335 226 2384 dorum
241 2334 398 2385 monstravit
410 2334 461 2382 iam
476 2333 508 2383 G.
531 2334 621 2382 ller-
671 2325 763 2392 οιλεός
785 2329 843 2383 τοῖν
860 2328 966 2383 ἑαυτοῦ
986 2329 1094 2396 φίλων,
1112 2328 1157 2395 qui

134 2417 253 2465 mann„
272 2418 428 2467 quemquem
447 2400 495 2450 ille
513 2400 620 2467 quidem
670 2400 747 2450 locus
762 2399 841 2448 valde
853 2398 985 2464 discrepat
1000 2399 1032 2448 ab
1044 2397 1093 2446 illo
1108 2397 1158 2447 Eu·

135 2486 190 2521 non
216 2470 279 2531 sotis
306 2479 381 2519 recte
408 2478 536 2520 commate
561 2476 621 2517 ente
669 2467 763 2534 ripidis
777 2466 849 2517 loco.
869 2467 949 2527 Quod
962 2476 1047 2516 autem
1063 2465 1158 2513 Mus·

133 2534 229 2589 ννολντοι
243 2537 361 2586 incidens
375 2537 530 2586 orationem.
550 2537 621 2584 lloec
670 2552 763 2600 grav.
783 2533 951 2585 scribendum
969 2533 1099 2584 coniecit:
1118 2548 1158 2595 γι-

135 2605 205 2655 onim
221 2614 248 2654 et
258 2603 321 2653 tolia
344 2603 467 2653 dicuntur
481 2604 620 2652 coniuncte
669 2599 815 2668 γνώοκεις
825 2601 925 2667 καλῶς,
942 2600 971 2651 id
987 2599 1055 2649 mole
1068 2597 1159 2648 turbet

135 2672 234 2740 potius,
244 2670 325 2720 veluti
338 2671 365 2719 in
381 2670 542 2720 Platonis
555 2670 622 2720 Pro·
672 2681 698 2720 et
712 2670 859 2720 orationem
871 2680 897 2719 et
912 2668 1067 2720 sententiam
1080 2665 1158 2716 huius

133 2743 227 2805 tagora
247 2756 274 2804 p.
293 2739 353 2790 313.
369 2741 398 2788 A.
414 2740 455 2789 ed.
479 2739 511 2789 Η.
526 2738 619 2804 Steph.
670 2738 735 2791 loci.
754 2740 784 2789 ll.
806 2738 842 2787 K.

135 2800 200 2860 ddi
224 2805 289 2875 περὶ
305 2805 432 2867 πλείονος
454 2806 505 2860 τοῦ
530 2803 620 2872 σῶμα·
704 2825 728 2857 v.
747 2806 807 2857 231.
832 2801 936 2872 φντόν]
964 2800 1156 2867 Geschiipf.

133 2869 266 2941 τοςήγεῖ,
283 2869 335 2940 τὴν
358 2873 461 2940 ψνγὴν,
478 2872 526 2926 καλ
551 2863 621 2942 {opi
670 2876 709 2923 De
723 2873 878 2923 mulieribus
892 2875 986 2922 iterum
996 2872 1076 2936 llipp.
1091 2869 1156 2921 630:
1194 2909 1204 2916 .

134 2939 216 2994 πάντ’
235 2939 292 2994 ἐστὶ
308 2936 344 2992 τὰ
362 2937 396 2992 od
414 2940 433 3003 il
448 2932 481 2993 εό
497 2936 513 3006 ἢ
531 2943 621 3000 καλῶς
669 2936 718 2994 ὁδ’
731 2930 768 2992 τιν’
780 2937 873 3006 λαβών
885 2935 990 3005 ἀτηρὸν
1001 2938 1040 2997 εἰς
1051 2931 1159 2999 δόμους

133 3007 268 3078 πράττειν
279 3008 399 3076 χρηστοῦ
412 3005 563 3074 discooperi
569 3003 621 3059 ον’·
670 3004 771 3073 φντόν.
783 3006 825 3056 cf.
833 3007 880 3055 Vs
888 3006 898 3054 l
906 3006 965 3055 clre
974 3023 1000 3054 n.
1010 3004 1044 3057 sd
1052 3002 1156 3053 Gallim.

133 3077 188 3129 sori
202 3075 352 3140 γενομέναν
369 3072 425 3124 κτλ.
456 3074 493 3120 lix
506 3072 557 3121 hoo
574 3090 621 3123 eu·
669 3090 696 3141 p.
712 3074 770 3125 153.
790 3073 914 3124 lleind.
935 3073 970 3122 ad
991 3070 1156 3136 Plat.Sopb.

134 3153 188 3192 tem
198 3143 260 3190 loco
274 3139 414 3204 apparebit
428 3156 481 3187 non
492 3157 569 3203 posse
578 3141 619 3188 in·
670 3157 696 3206 p.
713 3142 772 3192 333.
790 3141 918 3207 Respexit
943 3140 969 3195 h.
989 3141 1008 3192 l.
1027 3141 1073 3189 Lu
1084 3140 1157 3189 cia-

135 3208 265 3259 finitivum
276 3207 355 3257 aliter
369 3206 506 3272 explicari,
515 3223 545 3257 ao
554 3207 620 3258 fecit
670 3225 728 3263 nus
742 3211 822 3259 Mort.
839 3209 908 3260 Dial.
924 3208 966 3274 28,
980 3210 1005 3259 2.
1034 3208 1156 3258 Ceterum

137 3276 320 3335 Hermann„
333 3274 378 3340 qui
393 3285 464 3324 recte
476 3274 554 3323 etism
568 3293 620 3326 κοι-
669 3287 743 3326 recte
763 3287 853 3326 monet
874 3276 960 3328 schol.
973 3275 1040 3327 haec
1052 3284 1157 3343 praeter

134 3339 556 3410 λῶςγιγνῶσκεινὶοῑτιμτεῑεεοο
572 3351 621 3402 est,
672 3345 887 3396 consuetudinem
913 3343 1037 3396 heroicae
1061 3343 1155 3394 aetatis

136 3422 166 3463 ut
186 3411 213 3462 id
231 3411 266 3461 od
283 3427 360 3461 omne
381 3409 530 3463 institutum
551 3410 621 3460 vitas
671 3413 734 3475 dici,
753 3409 998 3475 coll.H0m.11.t',
1011 3412 1070 3464 244.
1089 3410 1156 3478 [Ad-

136 3480 269 3547 pertinere
283 3478 391 3540 diceret,
407 3476 470 3528 coll.
485 3476 621 3542 Iphigenia
671 3480 739 3531 didit
755 3481 873 3534 Elmsl.
894 3481 973 3547 Hipp.
991 3479 1040 3533 627
1056 3495 1113 3544 sqq.

135 3546 196 3629 Aul.
212 3545 273 3628 llll:
292 3538 351 3598 ἅδ’
362 3537 397 3598 ον’
409 3544 499 3603 καλῶς
513 3543 621 3610 Ἔνναν
704 3565 727 3598 v.
746 3549 805 3598 234.
834 3548 925 3601 κακοῦ
943 3542 995 3614 γὰρ
1015 3542 1093 3598 τοῦδ’
1114 3477 1155 3603 ir'

133 3611 202 3679 τότ,
225 3614 312 3674 nodie
334 3608 505 3680 μεταγράφω
529 3612 621 3673 καλῶς
669 3606 765 3680 ἄλγιον
773 3612 862 3669 κακόν
874 3613 943 3683 κτλ]
963 3614 1082 3664 Debebet
1094 3619 1156 3681 post

133 3677 229 3734 πάλιν.
244 3680 313 3730 Miro
323 3691 407 3731 autem
416 3681 620 3746 modonlug·
668 3682 769 3751 πρῶτοι
824 3682 853 3736 έν
883 3682 958 3749 sequi
990 3678 1085 3734 ἔπειτα
1109 3679 1154 3730 vel

133 3749 209 3802 hius
229 3746 330 3797 dixerut
342 3749 392 3799 sibi
408 3749 493 3799 videri
507 3749 620 3799 infiniti·
668 3748 764 3804 ἔπειτα
777 3751 816 3817 δε,
834 3752 881 3802 sed
898 3768 941 3812 ec,
954 3750 1026 3817 quod
1036 3767 1083 3816 per
1099 3745 1153 3818 γάρ

133 3834 194 3868 rum
216 3815 360 3882 penderes
382 3817 463 3868 verbo
482 3813 620 3886 ἐκβέβηκε,
668 3812 825 3885 particulam
853 3819 990 3886 sequentia
1026 3834 1153 3884 suspense

136 3881 200 3938 coll.
220 3882 344 3934 Philos
350 3892 450 3967 tratp
467 3885 499 3935 V.
510 3891 539 3936 Δ.
551 3887 618 3952 ll,l.
667 3906 681 3938 a
706 3887 888 3953 superioribus
906 3886 994 3936 verbis
1015 3895 1086 3950 sunt,
1105 3903 1153 3936 ne-

135 3970 162 4020 p.
184 3951 232 4003 49:
257 3964 380 4018 χροσονν
404 3970 459 4020 γαρ
482 3951 582 4019 ψέλιον
603 3947 619 4017 ἡ
671 3955 785 4006 cessario
798 3956 850 4005 ista
865 3953 1069 4006 constructionis
1083 3954 1151 4005 ratio

133 4016 230 4102 ιτρεόγη
247 4016 370 4087 κάμηλος
391 4016 488 4090 ἔφερεν
509 4019 556 4074 ἐπὶ
570 4022 622 4076 τοῦ
670 4023 854 4091 praetermissa
873 4033 928 4088 est,
953 4033 981 4073 ut
998 4022 1092 4073 intimo
1111 4021 1152 4073 vis

133 4103 274 4157 μετωνον,
284 4086 430 4156 γινώσκειν
442 4085 620 4158 τοῖςέιιιτνγ-
671 4091 816 4145 sententiae
832 4090 1037 4161 responsionem
1061 4089 1152 4156 facist,
