2610 4546
543 233 760 300 HECUBA.
1124 241 1165 304 81

137 397 185 491 ὥς
208 396 313 474 πάνθ’
338 393 468 492 ὁμαρτῇ
491 395 701 492 σῶνάχοιτο.
716 393 888 492 γουνάτων

137 498 293 590 ιιλαίονά,
318 498 561 598 ἐπισκήπτοντα
585 498 768 587 παντοίους
791 497 926 595 λόγους.
1037 508 1040 514 ’
1087 505 1163 582 840

137 594 167 677 οδ
195 599 336 689 δέσποτ’,
362 589 390 677 οἷ
415 602 568 696 μέγιστον
583 597 747 698 Ἕλλησιν
769 599 871 694 φάος,

136 711 257 792 πιθοῦ,
283 702 430 799 πάρασχε
455 710 547 798 χεῖρα
570 707 614 796 τῇ
637 699 833 798 πρεσβύτιδι

137 805 293 902 τιμωράν,
320 807 349 878 εἰ
372 808 429 878 καὶ
453 805 557 902 μηδέν
584 805 681 892 ἐστιν,
707 800 779 875 ἄλλ’
802 800 901 899 ὅμως.

137 908 268 982 ἐσθλοῦ
291 903 355 1003 γάρ
377 903 503 997 ’άνδρδς
527 911 570 1000 τῇ
593 906 670 1000 δάιγ
694 902 731 977 θ’
755 902 931 1004 ὑπηρετεῖν

105 1029 110 1039 '
136 1013 194 1086 καὶ
217 1005 301 1099 τοδς
324 1004 453 1099 καινοὺς
477 1013 562 1104 δράν
586 1012 760 1101 πανταχοῦ
782 1014 895 1098 κακῶς
919 1003 982 1080 άεί.
1087 1009 1162 1087 845

136 1209 247 1286 δεινόν
270 1238 317 1308 γε,
342 1215 482 1306 θνητοῖς
507 1206 553 1298 ὦς
577 1206 707 1284 ἅπαντα
730 1208 915 1304 συμπίτνει,

136 1308 277 1401 καὶτὰς
302 1308 448 1404 ἀνάγκας
473 1310 507 1383 οἱ
530 1310 628 1406 νόμοι
653 1309 823 1405 διώρισαν,

137 1415 263 1509 φίλους
287 1411 433 1499 τιθέντες
455 1409 538 1501 τούς
562 1441 598 1509 γε
619 1411 897 1506 πολεμιωτάτους,

137 1513 285 1612 ἐχθρούς
308 1539 342 1588 τε
366 1511 451 1602 τοδς
473 1516 554 1610 πρὶν
578 1512 724 1611 εὐμενεῖς
747 1512 954 1610 ποιούμενοι

136 1713 286 1766 thineus.
320 1713 396 1765 Idem
409 1723 498 1765 tamen
512 1715 601 1783 potius
616 1732 630 1766 ι
646 1715 713 1767 mula
724 1732 803 1766 manu
815 1714 935 1766 invectos
947 1712 998 1765 hoe
1009 1728 1101 1766 verene
1116 1731 1168 1768 arv

137 1782 260 1843 bimur,
279 1782 359 1850 idque
374 1792 401 1832 et
416 1783 480 1832 mihi
490 1785 633 1851 probabile
647 1786 731 1836 visum
746 1804 804 1836 cum
818 1786 979 1834 Hermanno.

205 1868 231 1901 v.
249 1851 309 1903 887.
344 1848 494 1918 κόμαισι
512 1853 583 1904 haud
602 1853 657 1904 ιοιό
678 1872 709 1905 eu
728 1855 827 1905 rectius
848 1853 981 1904 omisisset
1000 1859 1095 1918 poetn3
1114 1852 1163 1904 ned

135 1919 163 1970 in
177 1920 308 1984 codicum,
325 1921 411 1986 Etym.
429 1921 464 1971 M.
478 1923 522 1984 26,
536 1922 578 1974 64.
598 1933 624 1972 et
637 1923 742 1973 Tzetzis
756 1922 824 1974 Chil.
838 1923 861 1985 I,
875 1921 936 1972 515.
955 1937 1086 1971 consensu
1100 1930 1163 1971 ten·
1209 1964 1216 1972 .

134 1989 185 2038 turi
200 2005 253 2038 non
269 1989 423 2037 debuerata
439 1990 650 2052 Musgruio,
668 1991 715 2058 qui
735 1991 820 2056 primo
835 1987 962 2058 κόραισι,
981 1989 1078 2039 deinde
1093 1984 1163 2057 κνή-

134 2071 215 2124 μαισι
231 2055 355 2117 coniecit,
375 2055 443 2103 bene
456 2057 588 2106 refutatus
605 2075 619 2107 e
631 2059 650 2107 Ρ
661 2075 738 2108 orso
748 2075 797 2107 no.

208 2140 232 2174 v.
250 2123 311 2174 847.
347 2122 415 2172 Mire
436 2123 634 2175 Huschkius
650 2126 683 2175 ad
701 2125 804 2175 Tibull.
821 2125 869 2187 111,
884 2124 909 2190 8,
923 2124 965 2174 22·
991 2123 1162 2176 scribendum

98 2214 102 2221 ·
138 2199 213 2258 putat
226 2190 277 2252 τάς
288 2183 418 2256 Ἀνάγκας
431 2189 459 2242 οὶ
474 2188 565 2258 νόμοι,
583 2193 747 2244 intolerabili
762 2195 789 2243 in
803 2193 893 2244 Attico'
907 2202 986 2258 poete
1000 2192 1135 2244 Dorismo.

207 2275 232 2310 v.
250 2258 310 2310 848.
346 2258 534 2310 Elmsleius
555 2262 589 2312 ed
607 2262 667 2328 Iph.
686 2264 718 2314 T.
741 2262 797 2315 199.
817 2279 846 2330 p·
864 2262 925 2313 212.
949 2261 1024 2330 Lips.
1042 2261 1162 2329 praefert

136 2323 206 2390 τοάς
216 2345 247 2382 τε
259 2323 487 2396 πολεμιωτάτους
503 2347 533 2379 ex
544 2332 609 2398 Aug.
621 2331 648 2381 b.

136 2528 246 2564 πτοντα
259 2514 414 2576 παντοίους
426 2512 534 2582 λόγους.
559 2518 626 2568 Per·
677 2518 760 2570 currit
783 2526 870 2567 tamen
892 2511 1013 2582 κάτασχε
1033 2515 1060 2566 in
1081 2517 1161 2569 Here.

138 2590 291 2645 opportune
305 2585 427 2633 eutemin
443 2584 627 2636 hisvotisme-
676 2589 738 2636 Fur.
755 2587 828 2636 1911.
866 2585 919 2635 Sed
939 2585 1002 2634 vide
1021 2586 1055 2635 ed
1074 2587 1165 2637 Orest..

138 2648 216 2698 minit
228 2650 357 2711 Daedali,
377 2653 410 2702 de
423 2654 496 2704 cuiue
509 2653 626 2705 admira·
677 2656 753 2707 1330.
791 2653 862 2704 Infra
880 2652 1050 2721 8891895.)
1074 2648 1164 2722 ἔπίσχ’

137 2715 187 2766 bili
206 2717 234 2767 in
254 2718 385 2785 fingendis
408 2721 489 2788 signis
509 2722 624 2774 artificio
674 2727 741 2789 Aug.
751 2723 795 2774 3.”
817 2723 955 2775 Ροτιοιι.
974 2721 1161 2777 (11.1ασο1ιι.

136 2784 316 2838 Diodorus
338 2791 483 2841 Siculus
503 2792 550 2855 lv,
571 2792 622 2842 76:
674 2793 710 2845 ad
723 2791 820 2842 Achill.
837 2792 897 2840 Tat.
910 2793 955 2842 IV.
971 2807 997 2856 p.
1014 2791 1064 2842 729
1077 2809 1117 2858 sq.

136 2851 209 2907 κατὰ
221 2853 252 2907 δὲ
266 2852 560 2926 τὴντῶνάγαλμάτων
575 2878 626 2912 κα·
709 2878 733 2910 v.
745 2860 834 2910 816-
843 2859 903 2910 819.
930 2859 1042 2909 vexavit
1056 2859 1101 2910 hic
1114 2859 1162 2912 1ο-

135 2920 276 2990 τιιοκευὴν
284 2924 409 2995 τοσούτῳ
419 2929 477 2980 τῶν
490 2925 625 2980 ἁπάντων
674 2945 720 2978 σοι
740 2929 897 2994 interpretes
912 2937 940 2977 et
954 2937 1055 2977 veteres
1071 2938 1097 2977 et
1113 2945 1161 2980 re-

135 2987 299 3060 άνθράπων
312 2993 465 3062 διήνεγκεν,
477 2991 546 3056 άάςτε
557 2992 625 3057 τούς
675 2997 819 3057 centium,
832 3011 918 3060 neque
932 2995 1015 3044 ausim
1028 2995 1160 3047 affirmare

136 3059 386 3127 μεταγενεστέρους
428 3064 625 3131 μυθολογῆσαι
673 3064 753 3129 magis
765 3080 806 3113 me
816 3064 1160 3130 perspicacemfuisse.8ed

134 3126 200 3196 περὶ
214 3127 313 3187 αὐτοῦ,
322 3129 396 3183 διότι
405 3129 441 3184 τά
450 3149 624 3186 κατασκευα-
672 3133 819 3193 videamus,
838 3132 903 3199 quid
918 3134 955 3181 rei
970 3142 1069 3197 egetur.
1100 3136 1160 3185 Du-

136 3192 239 3263 ζόμενα
258 3197 316 3249 τάν
335 3196 504 3266 ἀγαλμάτων
522 3197 623 3269 δμοιά-
672 3201 735 3268 plex
750 3211 791 3251 est
810 3201 943 3269 quaestio,
966 3202 999 3252 ud
1017 3219 1094 3268 quam
1112 3220 1159 3253 re-

134 3283 208 3318 τατα
232 3269 292 3327 τοῖς
316 3263 454 3335 ἐμψύχοις
476 3265 620 3340 άπάρχειν·
669 3269 857 3334 spondendum
878 3269 925 3319 sit:
955 3271 1068 3336 primum
1093 3270 1160 3340 quid

135 3332 248 3405 βλέπειν
264 3353 294 3388 τε
308 3335 361 3404 γάρ
381 3335 456 3391 αάτά
475 3338 523 3391 καὶ
542 3357 622 3408 περι·
670 3339 706 3388 sit
719 3339 842 3389 hocloco
858 3332 978 3405 άνάγκηι
996 3340 1092 3390 deinde
1105 3356 1159 3406 quo

134 3409 235 3457 πατεῖν
249 3403 297 3458 καὶ
309 3405 438 3460 καθόλου
457 3411 551 3476 τηρεῖν
569 3406 622 3474 τὴν
671 3417 751 3474 pacto
768 3425 797 3456 ea
817 3406 919 3471 legibus
941 3408 1060 3458 subiecta
1077 3417 1159 3475 atque

134 3472 187 3523 τοῦ
218 3469 286 3526 dieu
320 3471 450 3544 σώματος
481 3473 623 3541 διάθεσιν,
674 3476 788 3526 obnoxia
803 3475 914 3527 dicatur.
949 3477 1032 3540 Igitur
1050 3470 1159 3546 άνάγκη

136 3534 205 3599 cdere
226 3542 320 3595 δοκεῖν
335 3544 366 3599 ed
393 3545 624 3601 κατασκευασθὲν
674 3543 896 3593 necessitudinem
922 3545 977 3594 sive
1008 3545 1158 3610 amicitiem,

136 3606 261 3676 ἔμψυχον
275 3612 355 3676 ζῶον.
673 3613 746 3679 quod
763 3611 920 3677 opinabatur
930 3608 1158 3679 Muegravins,

103 3695 109 3713 =
169 3693 193 3727 v.
210 3678 270 3728 839.
295 3682 366 3734 σοῖν
391 3679 514 3752 ἔχοιτο
537 3700 625 3752 γου-
674 3680 967 3747 nunquamsignificat:
991 3682 1096 3748 quade
1118 3698 1158 3746 re,

134 3741 274 3811 νάτοιν]
308 3750 407 3801 Noster
438 3752 533 3806 Bacch.
558 3752 623 3804 197:
674 3767 708 3799 ne
740 3758 827 3798 actum
864 3765 950 3814 agam,
994 3751 1054 3800 vide
1089 3766 1157 3818 quae

133 3809 622 3888 άλλ’ἐμῆσέχσυχεράς.(11.Μοετ1ι.
675 3818 864 3883 circumspecte
898 3817 1041 3884 disputavit
1071 3819 1157 3870 Mat-

136 3884 187 3934 Gr.¹
197 3883 219 3948 δ.
235 3885 295 3936 330.
671 3887 820 3937 thineus.
839 3887 949 3952 Semper
956 3885 1026 3937 illud
1039 3887 1159 3938 vocabu-

168 3969 194 4001 v.
220 3953 281 4004 842.
321 3948 469 4024 ,,ιιάρασχε
500 3957 562 4009 ι11ι1.
595 3965 622 4007 et
671 3956 728 4006 lum
747 3953 1163 4020 siguificatneceneitatem,

134 4018 219 4080 MSS„
231 4022 412 4087 quodytemere
420 4024 560 4076 barbarum
568 4042 621 4076 vo·
672 4025 720 4075 sed
743 4042 773 4075 ea
790 4023 879 4073 multis
895 4023 981 4075 modis
1002 4024 1109 4087 dicitur,
1127 4032 1158 4075 ut

135 4090 351 4155 cetBrunckius,
377 4110 457 4159 quum
471 4094 507 4143 sit
526 4094 622 4144 anulo·
673 4093 759 4160 qualis
779 4109 883 4158 quoque
903 4093 965 4144 loco
988 4092 1023 4143 uit
1048 4093 1157 4144 aliunde

135 4154 194 4220 gine
207 4158 304 4223 regulis
321 4172 534 4212 consentaneum.
560 4162 623 4212 Non
672 4160 874 4226 intelligendum
892 4162 938 4227 sit,
955 4171 984 4212 et
1003 4162 1117 4228 quidem
1127 4178 1167 4208 ex

133 4223 211 4274 valde
226 4227 351 4279 usitatum
367 4247 425 4281 esse
445 4230 548 4290 δεινοῖς
573 4246 622 4282 on·
674 4248 719 4299 σο,
732 4231 764 4282 'nn
777 4247 834 4298 qun
847 4229 886 4280 n'nn
900 4225 1189 4281 nunnunenexssxaeux'xn.

164 4292 486 4360 nurip.V01.1.s00e11.
880 4297 911 4358 δ
