2610 4546
536 260 753 324 HECUBffi

537 426 745 495 ΧΟΡΟΣ
840 512 842 516 k

133 527 237 626 μηδὲν
259 525 459 619 donodono,
484 527 567 620 μηδὲ
592 532 662 614 τοῖς
686 529 818 597 nacturi
841 533 958 616 κακοῖς

133 628 173 704 τὸ
197 634 295 726 θῆλυ
318 629 458 716 συνθεὶς
482 615 547 698 side
572 632 640 698 πᾶν
662 626 775 720 μέμψῃ
798 625 905 722 γένος·
986 654 992 671 ··

133 733 257 806 πολλαὶ
280 727 344 824 γὰρ
365 727 476 826 ἡμῶν,
504 729 538 799 αἱ
562 729 621 821 μὲν
646 725 705 799 sto>
730 728 920 822 ἐπίφθονοι,
1059 739 1157 808 1185

136 835 172 907 αἱ
197 831 228 906 δ’
253 833 301 920 εἰς
325 828 473 927 ἀριθμὸν
496 836 563 902 τῶν
586 834 700 901 κακῶν
724 828 929 926 πεφὼκαμεν.
1259 826 1262 832 ’

547 936 765 1003 ΕΚΑΒΗ·

133 1033 348 1131 Ἀγάμεμνον,
376 1029 606 1127 ἀνθρώποισιν
631 1030 698 1105 οὐκ
723 1033 821 1130 ἐχρῆν
845 1050 924 1105 ποτε

133 1145 203 1212 τῶν
225 1132 424 1232 πραγμάτων
448 1131 689 1232 crispinianus
713 1135 839 1230 ἰσχύειν
862 1133 925 1207 snt
965 1187 975 1205 .

134 1338 215 1400 tiam,
240 1344 294 1387 non
312 1351 479 1402 spernerem,
508 1334 582 1400 quod
602 1334 710 1385 testium
730 1332 888 1384 anctoritate
903 1330 1042 1388 niteretur.
1081 1336 1159 1390 Nune
1250 1358 1256 1380 .

134 1406 215 1458 malni
230 1404 360 1462 rationem
376 1415 474 1454 certam
493 1421 570 1470 quam
583 1421 658 1453 casus
673 1403 848 1452 temeritatem
860 1402 945 1469 sequi.

204 1491 228 1523 v.
246 1471 321 1524 1184.
341 1467 463 1540 μέμψῃ
477 1472 555 1521 codd.
569 1471 690 1538 plerique
704 1481 732 1522 et
744 1471 874 1520 Stobaens
889 1469 983 1520 Floril.
997 1470 1115 1526 Vettii.
1129 1492 1158 1543 p.

137 1543 180 1595 28.
197 1540 293 1609 μέμφῃ
307 1541 327 1590 F
329 1541 379 1591 lor.
387 1543 430 1592 25.
446 1543 487 1592 33.
507 1545 571 1605 Aug.
587 1558 610 1590 c.
625 1550 652 1588 et
659 1557 708 1606 pro
716 1558 740 1591 v.
748 1538 767 1588 l.
775 1539 918 1606 Mosqn.A.
927 1539 976 1590 Gn.
992 1535 1099 1593 vitiose.
1118 1544 1159 1595 Cf.

136 1615 161 1666 H
170 1628 234 1661 erm
244 1628 281 1659 an
290 1627 314 1658 n.
333 1610 396 1659 diss.
411 1610 444 1660 de
458 1612 606 1675 praeceptis
620 1609 776 1675 quibusdam
789 1609 969 1657 Atticistarum
978 1625 1003 1674 p.
1012 1609 1027 1658 4
1036 1627 1091 1677 sqq.
1103 1613 1160 1663 sive

137 1682 166 1731 in
183 1678 324 1746 Opusculis
338 1679 370 1728 T.
385 1680 404 1728 i.
422 1695 448 1744 p.
466 1678 517 1727 270
530 1695 603 1745 sqq,
623 1694 771 1744 quanquam
784 1677 892 1742 sequior
907 1675 1042 1726 Graecitas
1058 1696 1090 1728 ne
1106 1680 1160 1730 hoc

137 1747 244 1817 quidem
257 1756 426 1813 aspernatum
452 1746 506 1795 vid.
522 1749 534 1795 Ι
542 1744 653 1798 acobs.
675 1745 709 1794 ad
722 1741 829 1795 Anthol.
850 1743 932 1794 Palat.
944 1761 972 1810 p.
984 1744 1043 1797 735.
1080 1748 1160 1810 Quod
1181 1807 1184 1814 ἱ

136 1817 164 1867 in
179 1815 294 1866 Stobaeo
310 1815 395 1865 edidit
410 1815 556 1864 Grotius
574 1811 692 1881 μέμψαι,
710 1813 774 1863 ferri
789 1812 859 1864 illud
872 1813 978 1880 quidem
992 1824 1114 1882 poterat,
1134 1834 1160 1867 v.

134 1887 242 1937 Koen.
261 1894 287 1932 et
305 1883 435 1934 Schaef.
455 1882 488 1933 ad
508 1883 585 1949 Greg.
609 1883 669 1935 Cor.
690 1898 716 1950 p.
739 1881 780 1933 15.
800 1881 834 1931 ad
855 1891 928 1947 poet.
947 1897 1033 1946 gnoma
1058 1900 1084 1950 p.
1100 1884 1161 1954 155,

136 1954 184 2004 sed
200 1963 227 2003 et
237 1951 320 2001 rarius
332 1946 370 2018 μή
386 1951 476 2001 aoristi
487 1952 641 2018 imperativo
656 1951 772 2017 iungitur
783 1959 810 2000 et
822 1949 855 2000 eb
871 1948 1003 2017 Euripidis
1015 1963 1161 2006 consuetu-

136 2023 198 2074 dine
211 2021 276 2071 haec
288 2020 357 2071 ratio
370 2019 506 2070 abhorret.

171 2139 271 2193 v,llss5
281 2155 321 2205 sq.
340 2136 474 2186 Sententia
491 2137 624 2203 sotisper·
673 2145 791 2186 suerunt.
804 2134 1161 2206 SicMnsgrarius,qnem

85 2217 88 2222 ’
137 2209 239 2276 spicua:
264 2206 407 2256 nonnullas
420 2206 526 2271 quidem
539 2206 622 2255 malas
673 2204 1159 2273 sequituriirunokins‚scripsit:

55 2329 59 2336 ,
137 2295 195 2327 esse
215 2276 355 2336 mulieres,
384 2274 432 2324 sed
450 2273 516 2323 alias
536 2275 623 2340 probo
672 2269 1163 2340 πολλαὶγὰρὴμώνοῦδένείὅέκί-

136 2346 252 2411 ingenio.
287 2345 346 2410 Ipsa
362 2343 444 2393 verba
464 2359 554 2407 magna
571 2344 623 2393 ob·
674 2345 791 2407 φθονοι.
817 2341 975 2394 Beckins:
994 2340 1162 2414 noiiniyuiq

137 2415 263 2465 scuritate
286 2413 419 2463 laborant.
454 2412 521 2461 Nam
543 2427 623 2478 quum
673 2409 753 2478 ἡμῶν
764 2410 795 2462 αἱ
804 2408 855 2478 μὲν
867 2405 919 2463 οὐκ
931 2409 1099 2480 infoderet:
1116 2407 1180 2469 dess.

136 2481 288 2533 bimembris
306 2481 340 2529 sit
357 2480 496 2538 sententia,
515 2480 623 2529 dubium
675 2482 755 2547 nique
775 2481 964 2540 Pors'onns‚
991 2484 1076 2532 eiecto
1094 2500 1163 2550 pro—

136 2561 192 2617 est,
210 2549 262 2598 utri
274 2548 343 2614 parti
356 2548 415 2596 lans
427 2549 567 2597 mulierum
579 2548 624 2597 in·
673 2549 793 2598 nomine:
812 2547 914 2599 πολλαὶ
924 2545 985 2618 γάρ·
1005 2549 1035 2602 αἱ
1049 2549 1100 2616 μὲν
1113 2547 1163 2602 od-

137 2620 182 2678 sit‚
202 2616 255 2666 utri
267 2615 449 2682 reprehensio.
472 2616 525 2664 Sed
538 2616 624 2682 pleri-
673 2617 722 2670 δέν
736 2612 785 2669 elo’
800 2614 963 2681 ἐπίφθονοι.
998 2620 1060 2668 Non
1076 2619 1163 2668 dicam

138 2704 190 2754 qne
209 2686 275 2736 haec
288 2684 382 2734 verba:
400 2679 441 2736 ἀἱ
462 2678 487 2736 δ’
506 2684 544 2744 εἰς
558 2680 622 2754 ἄρα·
673 2698 760 2748 nunc,
779 2685 842 2752 qnid
859 2685 894 2734 sit
913 2702 945 2735 ex
960 2685 1001 2736 his
1017 2687 1162 2737 verisimil-

135 2751 214 2822 θμόν
230 2754 287 2806 τῶν
299 2753 394 2805 κακῶν
407 2748 582 2821 πεφύκαμεν,
596 2754 624 2804 in
674 2753 779 2804 limum:
797 2770 945 2820 quanquam
960 2771 1051 2820 segre,
1070 2755 1162 2820 credo,

137 2842 196 2876 eum
208 2841 311 2874 sensum
331 2835 503 2888 acceperunt,
531 2834 559 2872 ut
576 2824 624 2874 illa
674 2841 765 2874 omnes
781 2823 929 2872 concedent
940 2824 1026 2873 omitti
1040 2823 1162 2890 potuisse

136 2902 348 2944 statuerentesse
359 2892 529 2942 concedentis
538 2891 624 2954 chori,
674 2891 804 2942 eiusmodi
813 2891 979 2951 vocabulum,
997 2909 1029 2942 ex
1042 2909 1094 2958 quo
1102 2908 1163 2942 sen·

137 2961 250 3028 reperiri
264 2961 402 3022 mulieres,
419 2961 446 3009 in
461 2977 525 3026 quas
539 2960 624 3010 cade·
674 2961 773 3009 tentiae
792 2960 929 3024 integritas
946 2961 1088 3026 penderet:
1114 2959 1163 3011 sed
1264 2968 1266 2994 ³

135 3041 194 3080 rent
206 3029 269 3092 illa,
296 3028 391 3094 quibus
408 3028 556 3077 universum
575 3045 623 3093 ge·
675 3030 766 3079 demus
799 3045 856 3078 esse
886 3028 912 3077 in
936 3028 976 3078 his
1001 3028 1162 3080 coniecturis

137 3116 186 3147 nus
197 3098 341 3146 insectatus
354 3095 624 3164 fueratPolymestor,
674 3097 747 3164 quod
761 3097 898 3162 genuinam
910 3097 1044 3163 Euripidis
1057 3114 1163 3148 manum

140 3165 267 3216 convicia.
292 3163 429 3229 Principes
444 3164 471 3213 in
484 3164 624 3214 hancsen-
673 3166 781 3217 referat.
802 3166 1079 3232 Quidigituresthoc‚
1095 3166 1162 3216 alias

136 3235 247 3285 tentiam
261 3232 369 3282 fuerunt
383 3242 484 3282 veteres
505 3234 624 3283 scholiu-
674 3235 811 3284 mulierum
824 3235 907 3285 bonas
921 3252 984 3286 sane
998 3252 1071 3295 esse,
1097 3235 1162 3285 alias

137 3314 210 3354 stae:
238 3302 286 3353 sed
300 3301 396 3362 iidem,
422 3300 519 3350 utillis
536 3301 624 3352 verbis
674 3303 801 3353 malarum
823 3304 850 3353 in
874 3321 984 3354 numero
1008 3303 1164 3354 habendas?

135 3384 208 3422 recte
223 3380 434 3439 opponerentur,
453 3387 520 3437 qnae
534 3371 624 3436 priore
673 3372 751 3422 Talia
764 3373 796 3421 ab
812 3389 844 3422 eo
861 3372 929 3438 dici,
956 3372 1001 3438 qni
1015 3372 1164 3438 reprehen-

136 3441 353 3506 versnleguntur‚
363 3438 494 3488 vocabulo
503 3435 625 3504 ἐκίφθο·
674 3440 738 3490 dere
751 3440 833 3490 vellet
842 3442 975 3501 mulieres,
994 3441 1100 3491 minime
1110 3441 1165 3491 mi-

136 3527 186 3570 νος
221 3507 439 3575 significationem
473 3508 625 3558 tribuerunt
673 3525 731 3559 rum
744 3509 829 3567 foret;
853 3511 900 3560 sed
919 3527 999 3576 quum
1016 3527 1059 3560 eas
1073 3510 1164 3560 vindi-

136 3595 246 3644 prorsus
260 3577 420 3639 inusitatam,
432 3577 511 3626 immo
521 3576 624 3638 falsam,
675 3594 734 3626 care
749 3577 846 3627 chorus
861 3595 874 3625 a
888 3579 1038 3644 promiscua
1047 3578 1094 3628 illa
1108 3579 1164 3629 cri-

137 3656 167 3695 nt
193 3657 264 3696 esset
285 3647 356 3696 idem
376 3646 449 3715 qnod
470 3642 625 3716 ἐπαινετόν,
674 3646 819 3696 minatione
831 3646 905 3709 velit,
925 3647 1071 3712 qnidaiind
1086 3663 1165 3714 quam

138 3711 266 3782 ζηλωτός.
302 3718 411 3780 Semper
434 3715 504 3764 enirn
527 3715 625 3766 dicitnr
673 3715 779 3764 inverso
793 3715 887 3763 ordine
898 3714 947 3763 illa
961 3715 1014 3764 dici
1023 3716 1164 3782 debebant,

136 3785 172 3834 de
186 3783 230 3842 iis,
248 3782 294 3848 qui
313 3785 523 3834 mediocritatem
539 3801 625 3850 quan·
674 3793 705 3833 nt
719 3784 889 3850 praecederet
899 3784 993 3850 cnlpae
1006 3783 1033 3832 in
1047 3785 1165 3834 nonnul-

139 3853 200 3903 dam
213 3851 256 3900 vel
268 3851 396 3900 bonarum
412 3868 499 3903 rerum
511 3855 552 3904 vel
566 3870 624 3902 ma·
675 3852 710 3902 lis
726 3852 877 3917 confessio,
897 3862 1052 3919 sequeretur
1066 3853 1165 3902 defen-

137 3921 223 3970 larum
236 3919 334 3984 egressi
348 3920 507 3971 ininvidiam
518 3924 625 3974 odium·
676 3921 739 3971 sio?
774 3923 865 3988 Itaque
878 3921 943 3970 mihi
964 3921 1071 3988 quidem
1085 3921 1165 3988 plane

139 3991 350 4056 queincurrunt.
384 3989 443 4037 Hoc
458 3991 503 4056 qui
519 3992 626 4041 intelle·
677 3990 803 4041 convenit
821 4007 880 4039 cum
899 3992 1091 4040 Hermanno
1110 4005 1165 4040 non

138 4068 235 4107 xerunt
247 4057 409 4107 recentiores
422 4057 580 4125 interpretes
592 4061 626 4111 ds
678 4077 737 4110 esse
767 4071 920 4127 corruptam
950 4059 1049 4126 prioris
1073 4075 1165 4108 versus

139 4126 224 4176 altero
238 4142 318 4175 versu
339 4142 392 4176 non
411 4136 546 4178 mutarunt
566 4145 629 4179 sen·
679 4128 848 4195 scripturam:
864 4128 931 4179 sitne
939 4129 1081 4195 depravata
1090 4125 1166 4177 inal-

136 4196 261 4246 tentiam:
281 4195 399 4260 priorem
411 4211 476 4245 vero
491 4195 566 4246 illata
577 4212 629 4246 na·
677 4207 750 4261 tero,
766 4198 883 4248 utidem
893 4207 1002 4256 censet,
1011 4195 1184 4243 anetem.

136 4262 634 4333 gatiraparticniscorrigendomcen·
681 4266 797 4320 Etenim
821 4266 875 4334 qui
899 4264 1031 4331 seqnitur
1047 4268 1153 4306 serm
1167 4258 1210 4296 ets»
