2610 4546
397 294 402 309 ι
471 348 474 353 ,
546 268 734 334 nunus.
1123 274 1164 336 eu

240 429 297 500 καλ
321 432 412 500 θεῶν
434 430 550 515 παῖδες
573 427 739 522 μακάρων,
764 426 854 520 ἱερᾶς
1088 438 1163 509 825

240 527 352 622 χώρας
376 525 576 623 ἀπορθήτου
599 527 626 598 τ’
651 526 915 621 οἷκοφερβόμενοτ

241 626 452 699 κλεινοτάταν
468 628 604 721 σοφίαν,
629 624 679 699 niel
703 624 759 700 dud
782 625 1017 722 λαμπροτάτου
1175 695 1177 700 .

242 729 411 820 βαίνοντες
434 724 543 820 ἁβρῶς
569 727 720 825 αἰθέρος,
739 727 822 799 ἔνθα
845 726 927 801 καθ’
952 724 1054 822 ἁγνὰς
1087 735 1162 806 830

242 828 335 900 ἐννέα
361 829 522 920 Πιερίδος
547 826 692 917 Μούσας
716 827 852 921 λέγουσι

242 924 369 1014 ξανθὰν
389 925 564 1022 Ἁρμονίαν
587 934 773 1023 φυτεῦσαι·

208 1223 232 1260 τ.
249 1205 310 1258 826.
344 1204 515 1278 ἀπορθήτου
532 1202 557 1261 τ’
573 1203 809 1278 οἲντοφτρβόμενοι]
839 1208 883 1259 Sic
908 1207 971 1258 libri
996 1223 1087 1259 omnes
1111 1208 1163 1259 ha-

141 1271 207 1324 bent
223 1273 294 1324 hunc
311 1274 399 1326 locum
422 1288 528 1342 praeter
544 1277 616 1326 Flor.
634 1281 675 1342 A„
693 1277 738 1343 qui
760 1277 868 1326 exhibet
892 1269 1069 1344 ἄπορθήτας,
1088 1278 1161 1343 quod

142 1351 234 1391 contra
253 1352 401 1392 ceterorum
419 1343 547 1393 librorum
565 1360 595 1392 ae
611 1360 665 1393 non
679 1344 788 1393 dubium
805 1343 967 1394 scholiastae
982 1344 1161 1395 testimouium

141 1408 217 1458 nullo
241 1419 320 1474 pacto
339 1420 431 1475 potest
452 1411 543 1478 recipi.
580 1410 647 1458 Tum
664 1410 810 1462 scholiasta
832 1406 1020 1461 commemorat
1040 1412 1162 1462 scriben-

142 1475 205 1525 dum
222 1476 272 1526 sibi
297 1477 395 1526 videri:
421 1472 478 1530 ἄπο
504 1475 680 1546 ωερβόμτνοι,
703 1488 733 1528 ut
750 1478 917 1528 constructio
939 1479 1005 1528 haee
1029 1479 1078 1531 sit:
1104 1476 1160 1532 α’ττδ

140 1535 309 1661 οἶντῖρθὴτοο
325 1541 418 1662 zoiqqqc
434 1543 489 1663 τῙτζτὲ.
530 1546 583 1596 Sed
600 1545 686 1595 multo
704 1546 810 1596 facilius
830 1556 869 1596 est
885 1546 1162 1612 praepositionemsad

140 1626 187 1661 ver
206 1628 249 1660 um
266 1628 370 1662 assumi.
412 1650 420 1666 .
465 1649 473 1664 .

207 1695 233 1730 ν.
251 1678 311 1729 833.
345 1680 407 1730 Ald.
431 1680 493 1730 rell.
511 1679 587 1730 Rom.
606 1680 635 1728 C.
659 1676 769 1746 λε’γονστ
785 1674 914 1741 Μούσας.
956 1679 1040 1746 [lllud
1064 1679 1165 1731 habeut

140 1745 223 1798 Paris.
242 1751 273 1797 Δ.
291 1747 367 1799 llum.
384 1749 453 1799 A.B.
472 1749 556 1801 Huvn.
574 1748 649 1798 Flur·
668 1750 708 1801 10.
734 1749 768 1804 R.
787 1747 836 1814 K.]

138 1921 183 1962 tur
196 1911 302 1975 chorus,
317 1903 463 1981 neimpiam
477 1915 624 1966 liberorum
673 1911 828 1982 poune'siaci
857 1913 947 1964 clades
966 1921 1073 1978 experta
1100 1922 1165 1969 erat.

139 1979 344 2031 interfectricem
369 1999 445 2032 nemo
469 1992 623 2048 recepturus
674 1983 733 2031 Nisi
760 1981 841 2031 mavis
871 1981 937 2030 haec
968 1980 1102 2047 explicare
1131 1997 1163 2030 ex

141 2047 186 2109 sit,
204 2058 230 2097 et
244 2064 334 2097 necem
349 2047 514 2114 deprecatur.
524 2078 556 2087 -
571 2048 626 2098 Sed
673 2047 824 2114 Thucyd.
839 2049 860 2111 l,
877 2049 908 2097 2:
926 2043 980 2112 τὴν
994 2047 1063 2112 γοῦν
1079 2045 1164 2099 Ἀττι-

139 2123 170 2163 ut
183 2115 285 2180 singula
296 2115 441 2176 videamus,
451 2113 625 2184 Ἐρεχθεῖδαι
673 2109 728 2180 κήν
745 2111 775 2166 ἐκ
788 2115 841 2166 τοῦ
855 2111 900 2166 ἐντὶ
916 2115 1046 2166 πλεῖστον
1062 2111 1112 2166 διὰ
1130 2110 1162 2167 τὸ
1253 2131 1256 2136 ’

140 2191 203 2230 sunt
220 2182 391 2232 Athenienses
415 2182 446 2231 ab
466 2183 625 2244 Erechtheo,
673 2177 829 2248 λεπτόγεων
858 2175 1044 2234 ἀστασίαστον
1075 2171 1165 2234 οὖσαν

140 2246 245 2299 divinae
275 2248 366 2315 stirpis
388 2248 508 2316 homine,
541 2266 625 2316 eoque
674 2245 733 2302 ἄνθ
751 2267 824 2302 cruos
840 2242 932 2319 ᾤκουν
955 2247 982 2301 ολ
1000 2245 1083 2302 αὐτοὶ
1109 2245 1165 2302 uisi.

140 2312 192 2380 ipsi
209 2314 287 2368 θεῶν
301 2317 401 2377 παῖδες
418 2316 469 2382 (cf.
484 2317 623 2367 Brunclt.
674 2269 752 2369 coni.
776 2317 931 2371 Strabou.
955 2318 1024 2367 Vlll.
1049 2336 1075 2383 p.
1095 2317 1163 2369 333:

139 2381 174 2430 ad
193 2383 274 2450 soph.
293 2385 380 2450 Antig.
397 2384 487 2450 oss),
505 2395 535 2435 ut
552 2385 624 2436 Tro·
679 2382 717 2439 Τὸ
734 2379 760 2439 δ’
773 2382 843 2439 αὐτὸ
864 2384 912 2446 καὶ
930 2387 989 2445 τοῖς
1004 2381 1163 2452 Ἀθηναίοις

138 2448 193 2498 iani
221 2451 276 2519 pia
302 2470 412 2518 gens,·
429 2453 502 2519 quod
517 2457 624 2520 ‚Aeneas
674 2452 791 2523 συνέβη,
809 2450 964 2520 λεπτόγεων
980 2471 1010 2506 τε
1027 2452 1076 2507 καὶ
1093 2471 1163 2523 τρα-

138 2517 214 2582 pius3
232 2514 288 2571 οἶκό
301 2519 377 2573 θεῶν
388 2516 624 2586 γεγονόταςετίοω
673 2523 752 2587 zelus
770 2521 917 2581 οἰκοῦντας
932 2517 1034 2590 χώραν,
1052 2517 1166 2602 cinoq-

139 2585 310 2637 1socrates
334 2587 521 2638 Pauath.124.
551 2586 625 2638 dicit.
673 2584 881 2656 θήτοοςμέν
899 2583 980 2654 εἶναι,
1006 2586 1056 2640 καλ
1072 2585 1164 2640 αύτο-

70 2709 72 2712 ,
139 2651 252 2719 steph.
270 2655 346 2722 Byz.
361 2671 386 2703 ν.
400 2647 514 2721 Ἀθῆναι
532 2671 559 2720 p.
575 2654 623 2705 44:
673 2657 782 2724 γδανας
801 2655 972 2723 νομισθῆναι
995 2651 1046 2708 διὰ
1076 2651 1163 2710 τοῦτό

133 2710 237 2789 ’Λβρων
260 2718 292 2773 δὲ
314 2718 345 2775 ἐν
365 2721 416 2790 τῷ·
432 2721 498 2791 περὶ
525 2740 625 2790 καρω·
675 2740 762 2792 φησιν
782 2716 797 2776 ὁ
820 2724 1012 2790 Θονκυδίδης,
1029 2721 1163 2790 κατέγον-

138 2784 247 2854 νύμων,
265 2782 310 2842 ὅτι
333 2788 386 2844 εἰσὶ
409 2788 502 2843 διτταὶ
518 2808 626 2860 προςη-
673 2811 725 2853 τας
753 2785 806 2859 τὴν
830 2788 921 2858 αὐτὴν
950 2787 1009 2858 uisi,
1043 2788 1165 2858 μηδενὸς

138 2858 231 2925 rogim
248 2852 327 2978 nequi
349 2861 492 2926 ποιηταῖς,
518 2852 576 2912 uiui
594 2874 625 2911 ee
674 2856 870 2925 ἐξελαύνοντος
894 2855 1001 2919 adroic
1017 2857 1082 2926 μηδ’
1100 2857 1164 2913 ἐντι-

138 2923 189 2990 τῆς
205 2926 290 2990 πατρί
309 2942 340 2985 ος
356 2924 405 2978 καὶ
430 2928 483 2980 τοῦ
499 2937 625 2979 σννοικτ-
673 2927 837 2994 δομοῦντος
850 2925 922 2994 ἔχειν
935 2923 987 2991 τὴν
1005 2923 1128 2979 ἐκείνων.

140 2991 216 3044 osori.
238 2988 456 3060 Ἁλικαρνασσεῖς
472 2993 541 3058 γοῦν
556 2991 625 3043 Ἀν-
707 2995 791 3045 aaut
804 3012 859 3059 seq.
870 2993 1037 3044 Adiectivum
1050 2989 1162 3056 ξανθοῖο

138 3054 283 3120 uritur,
300 3057 349 3110 καὶ
366 3056 626 3111 Φαλαντιᾶδαι
675 3061 798 3112 dubitare
809 3077 858 3111 nos
874 3078 927 3110 non
940 3059 1013 3126 sinit,
1030 3062 1092 3125 quin
1103 3059 1163 3131 “Aq-

139 3122 169 3176 ολ
184 3126 351 3192 Ταραντῖνοι
365 3121 488 3190 ἐλέγοντο
498 3119 555 3179 nissi
569 3124 627 3178 τοῖν
673 3127 759 3196 μονλα
774 3128 808 3178 sit
821 3145 916 3179 nomeu
926 3127 1065 3194 proprium
1078 3129 1163 3196 (ξαν-
1209 3140 1211 3144 “

139 3187 626 3262 διασημοτοὶτωνπαράτῖτοῖς·Ἀθη-
673 3195 728 3251 θαὶ
736 3193 855 3263 Χάριτες
868 3207 930 3248 τοτα
942 3196 1013 3262 apud
1028 3196 1166 3249 Pindsr.

139 3261 216 3313 ναῖοι
237 3257 268 3312 δὲ
284 3263 313 3313 K
318 3260 358 3313 οδ
365 3259 467 3329 cidus
490 3260 539 3314 καὶ
556 3265 625 3315 Ke·
674 3267 750 3316 Nem.
764 3265 795 3326 V,
809 3264 875 3332 54.)
901 3265 1061 3317 Harmoniae
1074 3275 1162 3317 autem

140 3326 363 3397 agonthea&
394 3325 627 3398 στῖδατ,Ἐρε-
674 3333 749 3395 filias,
762 3332 896 3399 easqueiu
911 3331 999 3382 Attica
1013 3342 1098 3396 netas,
1112 3333 1164 3385 etsi
1214 3340 1219 3350 “

140 3397 299 3462 γθτῖδαι.
334 3347 392 3448 Kal
408 3393 515 3459 ταύτας
526 3415 555 3464 γε
572 3391 625 3458 τοὶς
674 3417 751 3452 nemo
776 3400 865 3451 Musas
891 3399 1031 3452 tradiderit
1057 3411 1164 3466 praeter

139 3458 249 3528 κλήσεις
269 3461 327 3517 τοῖν
343 3460 401 3517 uini
422 3465 473 3534 τῆς
489 3465 625 3536 πατρίδος
672 3468 834 3535 Euripidem,
845 3478 932 3518 tamen
943 3467 1106 3534 ingeniosum
1121 3477 1163 3519 est

140 3527 317 3600 ἐντιμοτέρας
343 3529 479 3599 ἐνόμιζον.
502 3561 536 3573 -
559 3533 624 3584 Mox
674 3546 769 3604 poetae
789 3546 977 3599 commentum,
998 3551 1083 3600 neque
1106 3535 1162 3587 illis

108 3596 117 3607 ‘
140 3606 228 3647 terrae
242 3615 330 3649 sacrae
344 3602 510 3669 invictaeque
523 3612 550 3652 et
561 3618 624 3652 coe-
674 3613 720 3654 aut
740 3611 821 3653 mater
842 3603 894 3654 alia
922 3619 998 3668 quum
1018 3603 1162 3661 Harmonia

139 3664 162 3715 li
175 3663 326 3716 nitidissimi
335 3668 463 3722 beneficio
477 3670 528 3734 (cf.
537 3670 626 3721 Kru·
675 3670 797 3736 dignior,
815 3681 874 3734 aut,
891 3670 932 3720 his
948 3670 1104 3737 praesertim
1116 3669 1162 3722 lu-

141 3749 190 3794 se,
213 3732 305 3783 Hellas
328 3737 366 3800 Il,
393 3739 416 3789 1.
439 3756 467 3805 p.
484 3737 518 3789 58
535 3736 624 3804 seqq.)
675 3739 769 3789 dorum
783 3739 970 3789 Bacchicorum
984 3738 1093 3806 diebus,
1111 3741 1162 3792 uass

139 3800 315 3853 Athenienses
330 3804 456 3870 sapientia
467 3805 562 3857 imbuti
572 3805 626 3857 bo·
675 3806 731 3858 tale
741 3805 827 3857 solum
838 3805 1038 3858 convenientius
1051 3806 1162 3874 excogi-

140 3868 234 3936 nisque
258 3868 358 3919 artibus
380 3873 502 3925 innutriti
529 3873 626 3924 dicun·
675 3874 728 3926 tari
751 3884 863 3941 poterat.
908 3873 1051 3955 [Fabulam
1075 3875 1162 3943 attigit
1195 3889 1202 3898 ·

140 3945 194 3987 tur.
221 3931 395 4007 Ἀκόοθτγτον
413 3950 498 3991 autem
511 3941 626 3992 Atticam
675 3943 889 3996 liermaunus
906 3943 1159 4010 nuperuvulut.

142 4003 285 4071 appellarit
300 4016 410 4073 propter
426 4007 550 4059 bellicam
564 4009 627 4074 glo·
676 4028 703 4079 p.
716 4010 804 4088 mh
1139 4034 1142 4040 ·

142 4071 223 4135 riuum
242 4074 355 4128 necdum
373 4073 442 4129 enim
461 4075 528 4128 belli
543 4077 627 4130 Pelu-
