2610 4546
558 253 748 317 Muuun.
1119 258 1156 317 11

136 408 166 460 ld
186 408 315 461 accidiam
339 409 538 462 Boeelrlriua
559 410 586 475 ⁹)
608 425 641 460 en
656 415 776 476 tempore
799 407 926 474 coniecit,
944 425 1027 476 quum
1044 409 1156 461 alteram

134 501 246 553 diedone
261 501 404 553 editionem
421 500 574 552 molireturr
592 500 665 566 priua
684 500 755 550 onim
773 498 805 550 do
823 498 881 549 eiua
897 501 1009 552 coneilio
1030 500 1098 551 iatoe
1114 501 1156 552 rin

134 591 418 660 roaciacerepotuiaeo.
442 589 614 658 Perspicuum
630 596 671 642 eat
688 594 776 642 autem
795 606 848 641 non
866 589 953 642 inuare
966 591 993 644 in
1006 592 1057 644 liae
1074 591 1155 644 ratio·

135 683 256 750 nequod
274 683 484 749 requirelrnmua.
510 681 625 743 Etenim,
643 681 666 732 si
684 687 785 732 certum
801 686 870 732 esset
883 687 1029 734 correctam
1041 682 1155 733 edidisse

134 774 205 828 hanc
222 775 340 827 fabulam
357 773 520 839 Euripidem,
538 773 674 823 crederem
692 772 814 838 equidem
830 772 944 824 tortasse
962 773 989 824 id
1006 791 1067 825 eum
1081 774 1156 825 donia

135 872 298 918 commotum
321 865 434 928 fecisse,
459 873 488 916 ut
511 864 617 931 piaculo
635 863 788 914 corinthiae
810 863 946 915 liberaret.
980 864 1057 917 Nune
1074 881 1156 930 quum

134 958 168 1010 ad
185 957 365 1010 coniecturam
383 973 425 1007 roe
443 956 543 1019 redeat,
562 972 614 1006 uon
631 955 717 1020 rideo,
736 973 784 1006 cnr
800 955 891 1023 magia
908 961 938 1006 ut
955 962 1081 1022 tunquam
1095 955 1156 1007 Ste-

134 1047 285 1100 aichorenm
308 1048 442 1114 quandam
470 1042 634 1114 palinodiam
663 1054 851 1112 componeret,
882 1063 962 1112 quam
986 1055 1016 1099 ut
1039 1047 1155 1098 aliorum

135 1146 288 1207 poetarum,
314 1137 405 1205 quiin
423 1137 558 1188 communi
577 1138 648 1190 lama
665 1137 867 1204 acquievissent,
886 1138 1031 1189 narrationi
1046 1143 1154 1189 contra-

135 1231 245 1294 diceret,
263 1229 420 1281 conductum
433 1245 492 1280 eaeo
505 1229 660 1296 Euripidem
672 1230 844 1296 suspicemur.
882 1228 936 1296 Qui
947 1228 969 1281 ai
983 1229 1047 1281 olim
1061 1228 1155 1295 etipse

135 1320 289 1373 Corinthios
311 1319 399 1371 caedis
423 1324 546 1371 auctore·
568 1319 726 1386 prodidisset
748 1319 829 1385 idque
854 1318 896 1370 illi
919 1337 1000 1387 aegro
1023 1319 1155 1383 tulissent,
1194 1326 1201 1335 ‘

135 1413 229 1476 alium,
248 1410 351 1480 opinor,
369 1415 475 1476 poetam
493 1408 627 1475 adiissent,
646 1410 691 1474 qui
703 1412 738 1461 ab
752 1409 803 1462 iata
821 1411 932 1463 crimino
945 1428 989 1462 eoa
1000 1410 1152 1462 vindicaret.

134 1504 179 1557 ltu
189 1503 232 1565 lit,
252 1508 297 1563 ut,
319 1502 372 1553 lroc
389 1500 469 1552 etiam
488 1505 577 1567 erepto
594 1500 743 1569 praesidio,
761 1506 816 1556 tota
832 1501 883 1555 illa
900 1501 1013 1569 duplicia
1030 1499 1154 1553 editionis

135 1593 226 1663 opinio
245 1592 418 1658 relinquenda
434 1591 563 1645 videatur.
667 1573 675 1586 ’

204 1807 335 1874 antiquam
360 1809 454 1859 famam
479 1810 553 1876 aequi
570 1809 727 1873 maluerint,
745 1819 827 1876 patet.
863 1809 903 1861 Cf.
922 1826 948 1860 v.
967 1826 989 1859 c.
1008 1809 1041 1859 de
1060 1808 1153 1858 Timo-

204 1875 290 1925 machi
314 1876 409 1926 Medea
425 1877 602 1928 Plutarch.
629 1878 662 1928 de
688 1879 747 1929 aud.
773 1887 844 1943 p'oet.
863 1896 889 1944 p.
912 1878 950 1930 18.
970 1881 1000 1925 Α.
1018 1876 1092 1927 Auel.
1111 1878 1153 1924 ur.

94 1936 101 1951 ⁰
202 1942 235 1992 Τ.
253 1945 287 1992 ll.
305 1961 331 2008 p.
350 1945 407 1995 174.
432 1944 490 1994 499.
525 1946 642 1994 Similem
659 1945 796 2009 imaginem
815 1945 941 1995 describit
958 1943 1099 1994 erciau.
1120 1943 1152 1992 de

155 2076 184 2140 ⁹)
203 2010 282 2126 gomf
302 2011 325 2075 ᾗ.
344 2011 385 2126 δὲ.
403 2011 436 2061 Τ.
454 2013 511 2129 llldfi
518 2029 543 2078 p.
561 2014 621 2065 207.
657 2012 816 2095 Gallitta
834 2016 900 2064 Stat.
920 2012 992 2062 Xlll.

223 2093 237 2127 e
279 2093 332 2141 rag.
375 2095 397 2132 r.
416 2094 442 2142 p.
529 2097 569 2144 aq.
