2610 4546
223 209 244 312 4
611 247 865 311 austrinis

225 403 385 486 Αἰσχύλος
414 401 442 464 δ’
472 397 507 464 ἐν
533 405 604 490 ταῖς
623 404 793 467 Διονύσου
818 407 962 486 Τροφοῖς
985 410 1016 480 ⁵)
1045 407 1174 490 intonsi,
1195 411 1244 475 ὅτι

205 507 281 584 4καὶ
300 505 358 581 τδς
377 505 547 569 Διονύσου
568 500 714 588 τροφοὺς
733 506 811 587 μετὰ
830 510 895 571 τῶν
906 510 1035 592 ἀνδρῶν
1049 513 1157 577 αι’πῶν
1174 515 1243 578 olve-

224 612 355 695 φήσασα
384 605 578 689 ἐνεοπολησε.
617 612 794 692 Στάφυλος
815 619 847 686 ⁶)
875 612 910 676 δέ
938 628 1017 695 φησι
1044 617 1102 680 τὸν
1117 612 1246 682 Ἰάσονα

225 716 348 798 τρόπον
375 712 448 777 τινὰ
475 712 540 776 ὑπὸ
566 716 624 796 τῆς
642 715 791 796 Μηδείας
817 715 1037 802 ἀναιρεθῆναι·
1059 717 1244 800 ἐγκελευσα-

226 826 305 886 σδαι
324 817 387 901 γδιρ
409 815 512 898 αὐτὴν
538 815 602 878 ὑπὸ
622 824 662 897 τῇ
681 819 813 898 πρύμνη
833 824 889 902 τῆς
912 814 1048 901 Ἀργοῦς
1069 821 1170 887 αὐτὸν
1190 846 1245 887 κα-

224 925 479 1004 τακοιμηθῆναι,
509 919 684 1001 μελλούσης
710 925 767 1003 τῆς
786 919 866 996 νεὼς
887 922 1076 988 διαλύεσθαι
1098 926 1163 990 ὑπὸ
1183 931 1245 991 τοῦ

224 1030 358 1112 χρόνον·
379 1022 588 1104 ἐπιπεσούσης
601 1029 687 1104 γοῦν
701 1028 757 1106 τῆς
773 1025 922 1107 πρύμνης
937 1034 981 1108 τῷ
992 1021 1119 1106 Ἰάσονι,
1137 1035 1245 1095 τελευ-

225 1137 323 1216 τῆσαι
345 1129 455 1192 αὐτόν.

311 1234 356 1297 Τὸ
378 1233 484 1313 δρᾶμα
505 1231 596 1294 δοκεῖ
613 1228 834 1309 ὑποβαλέσθαι
853 1231 942 1312 παρὰ
963 1235 1159 1314 Νεόφρονος
1179 1237 1246 1301 δια·

226 1338 439 1412 σκευάσαςλ),
460 1335 504 1409 ὠς
525 1333 722 1415 Δικαίαρχός
741 1355 774 1397 τε
794 1333 867 1416 περὶ
887 1343 946 1400 τοῦ
962 1329 1113 1413 Ἑλλάδος
1124 1341 1201 1420 βίον
1213 1343 1246 1418 ⁸)

226 1443 284 1509 καὶ
314 1436 529 1522 Ἀριστοτέλης
564 1436 600 1500 ἐν
627 1436 845 1519 ὑπομνήμασι.
880 1424 1121 1522 μέμφονταιδὲ
1158 1444 1247 1524 αὐτῷ

226 1549 264 1612 νδ
284 1545 329 1630 μὴ
349 1540 568 1625 πεφυλακέναι
587 1539 647 1621 την
666 1539 837 1622 ὑπόκρισιν
864 1551 903 1623 τῇ
924 1545 1069 1627 Μηδείᾳ,
1091 1545 1172 1609 άλλδι
1191 1567 1246 1610 πε-

227 1655 296 1717 σεῖν
315 1649 359 1724 εἰς
379 1644 515 1728 δάκρυα,
536 1645 589 1709 ὅτε
609 1640 838 1724 ἐπεβούλευσεν
848 1641 967 1711 Ἰάσονι
982 1646 1037 1713 καὶ
1050 1656 1089 1731 τῇ
1104 1651 1245 1730 γυναικί.

231 1843 426 1858 ιιι-ῥ’*-

247 1937 278 2038 ζ)
294 1938 327 1987 Τ.
346 1936 381 1984 11.
399 1952 425 2000 p.
444 1932 504 1985 639.
524 1932 566 1982 ed.
584 1933 669 2010 Ρκιον.
688 1933 721 1982 Τ.
738 1933 771 1983 V.
789 1951 816 2014 p.
835 1934 877 1984 43.
893 1934 935 1986 ed.
954 1933 1060 1985 Schiitz.

262 2010 278 2072 ³
295 2000 869 2137 ailtlllt..llllll‘utgtlllltzs
889 2001 1249 2134 ltt..³ly.llll.l.l⁰:0l¹¹l

297 2137 410 2204 gessisse
432 2135 544 2184 videtur.
586 2134 665 2184 Plura
690 2137 723 2184 de
746 2153 778 2186 eo
797 2139 818 2186 l.
838 2138 869 2185 G.
889 2137 1037 2186 Vossius
1057 2136 1089 2184 de
1109 2136 1249 2188 Historicis

298 2204 406 2254 Graecis
430 2205 475 2254 111.
499 2219 527 2267 p.
555 2202 612 2252 190.
637 2202 676 2267 [p.
700 2203 759 2253 501.
784 2205 826 2253 ed.
845 2203 997 2268 Westerm.]
1025 2212 1051 2252 et
1073 2203 1249 2270 Schweig-

297 2273 493 2322 haeuserus
512 2270 546 2317 ad
564 2269 727 2317 Athenaeum
746 2288 771 2333 p.
789 2271 831 2320 45.
850 2271 897 2318 C.“
932 2271 1098 2318 ELMSLEY.

252 2339 280 2404 ²)
297 2332 375 2405 παρὰ
394 2331 560 2448 Νεόφρονος
577 2335 602 2384 δ.
621 2335 706 2414 Vulgo
725 2332 949 2411 γενναιοφρόνως
966 2332 1160 2396 διασκευάσας,
1180 2338 1249 2387 unde

301 2403 445 2454 Beckius
464 2401 535 2450 elici
552 2401 672 2450 voluerat
689 2404 874 2462 οΣικυωνιος
892 2400 1035 2471 Νεόφρων
1052 2401 1249 2468 διασκευάσας,

299 2468 445 2521 laudandus
466 2468 523 2532 ille,
544 2467 617 2533 quod
641 2468 809 2531 Neophronis
834 2469 877 2518 hic
896 2471 1053 2519 mentionem
1073 2471 1156 2520 latere
1174 2473 1249 2523 vidit.

300 2538 352 2588 Sed
381 2553 443 2586 vere
471 2536 573 2585 monuit
603 2534 797 2584 Elmsleius
826 2554 878 2586 uon
909 2538 1062 2602 ignobilium
1091 2539 1251 2603 scriptorum

300 2607 371 2656 furta
399 2602 487 2653 solere
509 2602 722 2663 commemorari,
740 2603 787 2653 sed
806 2621 905 2665 eorum,
924 2606 968 2670 qui
985 2605 1203 2671 praestantissimi
1221 2608 1249 2656 in

299 2689 347 2723 suo
379 2670 488 2736 quisque
520 2686 614 2732 genere
640 2669 794 2719 habeantur.
839 2672 931 2735 ltaque
957 2673 1037 2736 magis
1060 2682 1099 2720 est
1123 2673 1250 2722 credibile

300 2738 383 2788 fuisse
400 2737 444 2801 qui
460 2736 627 2801 Euripideum
650 2736 765 2785 fabulam
789 2753 820 2784 ex
844 2737 962 2802 Sicyonii
980 2749 1074 2802 poetae
1091 2739 1186 2788 Medea
1203 2756 1250 2789 ex-

301 2821 419 2872 pressam
445 2819 502 2852 esse
520 2813 671 2867 arguerent,
689 2821 766 2869 quam
785 2803 830 2867 qui
848 2805 967 2853 detectae
986 2805 1151 2870 Neophronis
1174 2807 1251 2857 frau-

301 2872 341 2923 dis
360 2871 499 2938 gloriolam
518 2880 661 2935 captarent.
701 2871 792 2936 Neque
809 2870 908 2920 alienus
927 2882 966 2921 est
982 2871 1014 2920 ab
1034 2871 1083 2922 hac
1100 2864 1251 2938 suspicione
1279 2933 1282 2936 Ι

301 2940 376 2990 locus
408 2937 575 3003 Diogenis
604 2938 739 2988 Laertii
765 2939 803 2997 ll,
832 2938 888 2989 134.
914 2940 947 2988 de
972 2939 1145 2994 Menedemo:
1182 2935 1251 3000 οἳςπς

301 3008 451 3059 πταίουσιν
468 3006 495 3059 ολ
506 3002 630 3072 λέγοντες
642 3003 728 3073 μηδὲν
741 2999 829 3058 αυίὸν
843 2998 1025 3072 ἀνεγνωκέναι
1038 3001 1110 3073 πλὴν
1123 3008 1172 3073 τῆς
1184 3011 1249 3074 Μη-

303 3074 381 3134 δείας
397 3074 448 3140 τῆς
464 3068 631 3141 Εάριιιίδου,
648 3068 684 3139 ἣν
702 3071 771 3126 ἔνιοι
788 3073 850 3135 <alii
868 3069 897 3126 ἐν
914 3073 986 3141 τοῖς)
1000 3072 1165 3141 Νεόφρονος
1178 3070 1252 3126 εἶναι

302 3141 354 3193 τοῦ
381 3140 539 3191 Σικυωνίου
564 3142 641 3205 φασί,
666 3150 692 3188 et
715 3141 853 3188 Suidae:
890 3140 974 3205 Νεόφ
993 3160 1045 3203 ων,
1077 3139 1097 3207 ἢ
1119 3142 1251 3208 Νεοφοῑν,

302 3203 462 3266 Σικυώνιος
478 3225 493 3257 τ
512 3203 617 3290 αγικός,
634 3196 668 3257 οὖ
686 3221 772 3272 φασιν
789 3202 862 3257 εἶναι
878 3207 929 3274 τὴν
941 3210 1097 3274 Ευρικίδον
1109 3208 1251 3272 Μήδειαν·

302 3268 335 3336 ὃς
350 3273 461 3353 πρῶτος
478 3224 603 3338 eleatem
620 3268 817 3338 παιδαγωγοὺς
833 3274 880 3326 καλ
897 3274 1014 3326 οἰκετῶν
1031 3271 1163 3338 βάσανον.
1198 3277 1252 3324 Re-

304 3341 363 3407 cepi
379 3340 458 3405 rgitur
475 3340 548 3405 quod
558 3339 708 3388 coniecerat
720 3341 791 3388 Elm
799 3358 811 3387 s
819 3337 828 3385 l
837 3341 867 3387 ei
876 3357 919 3403 us,
936 3339 1076 3388 addicente
1095 3339 1156 3388 cod.
1168 3340 1252 3409 Flet„

304 3433 332 3482 in
355 3448 408 3496 quo
432 3430 556 3496 scriptum
580 3440 634 3479 est:
673 3446 752 3497 παρα
782 3416 942 3496 νεάφρονος
968 3424 1178 3489 διασκευάσεως.
1209 3432 1252 3499 [Εἰ

304 3497 458 3562 scripturae,
476 3498 497 3546 si
515 3513 574 3546 vere
587 3497 762 3546 existimamus
780 3512 844 3559 rem,
861 3498 950 3547 favent
964 3497 1041 3546 etiam
1059 3497 1104 3545 alii
1123 3497 1195 3564 libri,
1214 3502 1252 3550 uti

302 3567 378 3615 Rom.
397 3565 434 3630 0.,
451 3564 495 3645 φοί
513 3563 608 3613 habet:
626 3559 837 3630 παναιόφρονος
846 3561 1039 3623 διασκευάσας,
1059 3574 1085 3612 et
1094 3565 1187 3631 Havn,
1206 3568 1252 3632 qui

303 3631 399 3682 habet:
423 3648 499 3683 πάνυ
523 3627 667 3699 εὐφρόνως
689 3631 881 3691 διασκευάσας.
906 3633 936 3679 R.
962 3630 1009 3695 Κ.]
1035 3630 1155 3680 Ceterum
1179 3650 1252 3697 quo-

302 3698 383 3750 modo
403 3697 441 3762 is,
466 3697 511 3763 qui
536 3698 609 3764 prior
625 3700 652 3747 in
675 3697 726 3748 hoc
743 3707 896 3763 argumento
915 3696 1066 3746 elaborasse
1085 3699 1189 3763 dicitur,
1208 3717 1251 3751 res

302 3765 414 3815 Medeae
429 3765 594 3830 tractaverit,
613 3776 639 3814 et
657 3781 734 3830 quam
752 3766 880 3815 rationem
897 3764 924 3812 in
942 3765 1095 3827 corrigenda
1109 3765 1252 3831 Neophro-

304 3833 345 3882 nis
362 3830 453 3881 fabula
476 3842 602 3900 sequutus
624 3832 657 3881 sit
673 3831 822 3896 Euripides,
846 3831 868 3882 si
887 3831 991 3898 quidem
1009 3832 1031 3881 is
1048 3833 1082 3882 ad
1099 3831 1175 3881 huius
1194 3850 1252 3883 sese

305 3896 454 3963 exemplum
471 3899 628 3967 composuit,
646 3898 756 3948 difficile
774 3901 845 3949 dictu
864 3909 904 3949 est
924 3899 952 3947 iu
976 3908 1047 3948 tanta
1072 3899 1181 3947 alterius
1199 3900 1253 3950 fra-

304 3973 466 4028 gmentorum
476 3967 616 4030 paucitate.
644 3965 683 4016 cf.
695 3968 715 4015 B
725 3967 835 4032 oettig
844 3985 882 4016 er.
897 3967 997 4031 prolus.
1009 3966 1042 4016 de
1051 3966 1144 4015 Medea
1153 3981 1180 4031 p.
1190 3967 1249 4019 130.

254 4027 283 4097 ⁸)
301 4031 333 4083 V.
350 4030 447 4084 Marx.
466 4033 499 4083 de
518 4033 688 4096 Dicaearcho,
705 4033 731 4083 in
750 4034 911 4086 Greuzeri
929 4035 1019 4084 Melet.
1038 4034 1066 4088 P.
1085 4033 1130 4084 111.
1140 4049 1169 4098 p.
1190 4033 1248 4089 174.
