2610 4546
135 240 177 302 4⁰
237 283 243 295 ·
497 232 769 308 u'tJtttt’tots

133 399 194 476 τάν
217 400 319 476 δόντα
342 397 370 474 τ’
384 394 488 503 ἀὐτῷ
511 403 669 500 θυγατέρ’
692 401 738 501 ἥν
760 404 789 480 τ’
812 408 964 506 ἐγήματο,

134 510 241 600 σιγᾶν.
264 500 353 600 γυνὴ
376 499 440 596 γάρ
464 491 568 576 τᾶλλα
591 507 651 596 μὶν
674 506 789 600 φόβον
814 512 910 602 πλέα,

134 602 223 702 κακὴ
248 602 279 676 δ’
304 605 339 692 ἐς
363 600 469 701 άλιιὴν
493 607 551 677 καὶ
575 606 715 703 σίδηρον
739 610 878 706 εἰςοράν·
913 662 914 665 ,

135 700 216 806 dccv
240 702 271 778 δ’
295 704 329 792 ἐς
352 701 456 802 εὐνὴν
479 702 662 802 ἠδικημένη
686 715 785 802 καρῇ,

1086 721 1159 792 965

135 803 203 880 οάκ
227 805 313 878 ἔστιν
337 800 422 902 άλλη
443 803 535 903 φρὴν
559 809 811 903 μιαιφονωτέρα.

557 910 731 977 ΧΟΡΟΣ.

136 1003 251 1100 δράσω
274 1002 355 1078 toiri·
394 1003 528 1092 ἐνδίκως
550 1003 614 1101 γάρ
639 1006 755 1078 ἐκτίνει
783 1006 894 1097 πόσιν,
991 1014 995 1022 ’

136 1106 280 1204 Μήδεια.
331 1111 465 1178 πενθεῖν
489 1101 519 1177 (V
544 1104 590 1178 οὔ
613 1123 652 1178 σε
675 1105 841 1199 θαυμάζω
863 1107 976 1204 τάχος.
1039 1114 1043 1121 ’

135 1203 205 1302 ὁρῶ
229 1208 346 1279 δὲκαὶ
371 1205 534 1298 Κρέοντα,
559 1205 649 1304 τῆςὸ’
674 1204 798 1280 άνακτα
821 1214 894 1306 γῆς,

135 1308 313 1402 στείχοντα,
337 1313 460 1379 καινῶν
486 1304 622 1403 ἄγγελον
644 1308 892 1402 βουλευμάτων.

1082 1281 1159 1388 auo
1190 1272 1199 1291 ’

108 1503 114 1510 ’
136 1506 176 1579 oi
198 1502 263 1602 τήν
287 1503 494 1601 σκυθρωπὸν
516 1411 961 1607 ααάζνάάιξέἰάομουμένηνῑ

136 1605 301 1705 Μήδειαν,
326 1602 420 1680 εἶτον
442 1613 539 1705 τῆςδε
563 1616 627 1705 γῆς
651 1607 711 1696 ἔξω
735 1616 840 1704 περᾶν

137 1706 484 1804 ον
508 1707 963 1907 νξνςνςνςν

203 1958 229 1992 ν.
248 1941 309 1993 967.
342 1935 436 2012 δράτω
462 1939 539 2010 τάδ’]
569 1942 613 1993 Sic
639 1944 701 1995 edd.
724 1953 790 1994 vett.
814 1953 842 1993 et
865 1941 969 2008 aliquot
991 1940 1062 1993 libri.
1081 1943 1160 1996 Multi

136 2008 201 2062 libri
217 2009 317 2060 habent
333 2010 446 2082 δρᾶσον,
464 2010 503 2061 uti
521 2012 595 2061 Rom.
615 2015 645 2062 t.
658 2015 685 2060 Β.
697 2013 778 2062 Paris.
794 2015 826 2062 A.
841 2011 910 2075 Mag.
922 2010 1030 2060 Cotton.
1042 2011 1115 2062 Flor.
1132 2015 1159 2064 9.

135 2079 231 2132 10.15.
250 2079 345 2142 Havn„
364 2079 438 2146 quod
454 2089 542 2130 tamen
558 2096 631 2130 mero
650 2079 824 2130 describentis
840 2076 943 2128 librarii
962 2094 1052 2128 errore
1068 2089 1159 2131 natum
1231 2112 1233 2117 ,

135 2163 195 2198 csse
209 2145 322 2198 videtur.
358 2148 445 2197 Habet
464 2148 542 2198 etiam
561 2149 636 2198 Rom.
654 2151 685 2198 A.
709 2165 789 2215 supra
814 2145 941 2215 scriptum
957 2142 1060 2215 δράσω.
1090 2146 1159 2199 Vide

135 2231 161 2268 v.
182 2214 239 2268 ιον.
258 2214 317 2266 927.
337 2216 412 2268 1019.
430 2217 461 2265 u.
478 2217 513 2282 x.

135 2313 206 2382 petit
222 2313 341 2364 Phaedra
360 2331 375 2364 a
394 2313 487 2375 choro,
505 2323 535 2363 ut
554 2331 621 2380 quae
671 2314 739 2378 246„
754 2313 796 2362 cui
808 2312 947 2378 Euripides
967 2315 1106 2378 „posuisse
1120 2315 1159 2365 ti-

134 2379 235 2503 Ξὶὧοτίῑ
243 2390 338 2434 taceat.
353 2381 394 2433 ef.
408 2383 424 2431 S
434 2397 450 2432 o
459 2399 476 2447 p
486 2380 513 2433 h.
522 2381 620 2431 Electr.

672 2380 751 2430 detur
760 2380 936 2429 accusativum
950 2379 984 2429 ob
995 2381 1160 2433 accusativos
1191 2411 1192 2414 =

671 2447 857 2516 praecedentes
889 2443 974 2498 ιιόσιν
999 2457 1026 2497 et
1063 2445 1160 2503 δόντα.

169 2534 195 2570 v.
215 2515 276 2569 969.
293 2509 330 2588 ἦν
352 2512 376 2570 τ’
398 2513 533 2590 ἐγήματο]
558 2513 622 2567 Scil.
672 2515 781 2567 Valebit
807 2514 896 2579 igitur,
920 2513 1017 2579 inquit,
1037 2515 1107 2568 iilud
1122 2511 1161 2584 ἧν

135 2580 153 2639 ὅ
177 2581 282 2639 Ἰάσων.
312 2587 421 2638 Notavit
438 2586 509 2641 hunc
534 2585 623 2635 locum

133 2654 295 2704 Eustath.
313 2656 347 2704 ud
361 2655 393 2705 Il.
406 2655 437 2706 θ.
455 2672 481 2721 p.
497 2653 557 2715 694,
569 2652 623 2716 24„

136 2720 211 2788 quod
233 2720 373 2786 Euripides
392 2730 484 2771 contra
505 2720 623 2784 regulam

135 2787 365 2855 grammaticorum
400 2784 548 2857 γήμασθαι
584 2786 623 2835 de

136 2853 209 2905 viro
236 2853 310 2907 dixit.
346 2855 420 2905 Dixit
437 2855 514 2904 etiarn
531 2858 624 2903 Ana-

138 2937 242 2972 croou
262 2923 332 2988 apud
353 2927 501 2973 Ammon.
525 2925 623 2973 etAn·

134 2987 296 3055 tiphanes
311 3009 352 3058 ap.
371 2992 470 3042 Bekk.
485 2990 585 3042 Anecd.
601 2992 623 3042 Ι.

135 3072 164 3124 p.
176 3055 296 3122 86.,sed‚
310 3068 340 3109 ut
353 3071 426 3109 recte
436 3060 540 3110 monuit
549 3057 624 3109 Val-

136 3123 339 3191 okeuarius,
358 3127 476 3190 figurate.
494 3129 532 3174 Ac
551 3125 624 3175 simi-

135 3188 189 3242 lem
201 3189 289 3241 lusum
300 3201 330 3242 ut
343 3192 370 3241 in
379 3192 448 3241 hunc
461 3208 565 3260 quoque
580 3191 623 3242 lo·

135 3275 196 3311 cum
208 3260 328 3322 inferret,
344 3261 452 3310 Porso
461 3277 520 3309 uus
533 3259 623 3309 conie-

135 3326 183 3389 cit,
201 3326 229 3376 id
268 3327 323 3377 uod
338 3327 415 3376 ctiam
430 3326 548 3392 syntaxis
566 3341 622 3390 po-

132 3394 225 3460 stulat,
242 3342 266 3465 p?
278 3389 301 3447 τ’
325 3390 456 3474 ἐγήματο.
483 3392 537 3442 Sed
556 3391 622 3442 mihi

134 3478 189 3514 non
203 3464 307 3514 videtur
319 3462 428 3513 licuisse
437 3461 537 3526 tragico
552 3476 623 3526 poc-

133 3539 179 3583 tae
195 3532 268 3599 quod
288 3530 364 3581 licuit
381 3529 482 3580 comico
504 3536 531 3578 et
548 3527 622 3578 ludi-

135 3616 196 3650 crae
224 3597 398 3650 Anacreontis
423 3597 525 3648 Musae.
559 3594 623 3647 Veri

134 3665 215 3731 igitur
236 3666 399 3718 simillimum
417 3664 622 3784 Videtssr’,‘}¹²qd

135 3733 469 3799 reposuitElmsleius,
518 3750 535 3784 τ
570 3749 622 3797 γη-

134 3795 482 3922 ξονςνννξν
497 3797 624 3921 ..νος

133 3902 281 4000 widuc&
303 3908 328 3987 τ’
350 3887 440 3991 lourz&
463 3886 502 3990 ga·
537 3933 623 3985 Aliam

134 4002 273 4062 rationem,
292 4003 340 4053 sed
355 4020 411 4053 cam
424 4021 516 4071 parum
528 4002 623 4070 proba·

133 4068 312 4140 bilsminiitd
320 4069 478 4125 eidlerus
491 4073 527 4124 ad
538 4069 621 4123 Elect.

673 2580 774 2652 αάτῆν,
795 2577 842 2652 ἥ.”
865 2582 943 2650 [Doni
964 2600 996 2632 ue
1014 2583 1047 2634 G.
1071 2586 1161 2641 Her-

673 2669 811 2704 mannus
824 2651 933 2701 verbum
945 2599 1073 2716 ‘ipsiusne
1089 2662 1161 2703 retu.

673 2721 706 2771 lit
725 2720 759 2769 ad
771 2720 918 2783 Creontem,
936 2729 967 2768 ut
985 2718 1037 2769 hoc
1059 2720 1160 2770 dicere:

672 2798 730 2838 tur:
751 2796 785 2837 et
802 2787 857 2853 qui
878 2785 974 2835 dedit
991 2787 1023 2836 ei
1047 2787 1159 2838 filium

674 2865 707 2906 et
727 2871 822 2922 quam
840 2851 1114 2921 dedit‚yq'puodut
1129 2873 1161 2906 e·

674 2923 728 2974 uim
741 2940 798 2972 esse
814 2921 919 2988 proprie
940 2923 1023 2974 dare
1044 2923 1078 2974 iu
1091 2941 1161 2976 mu·

673 2991 885 3044 stimonium.
903 2991 934 3040 R.
952 2989 1002 3112 K}

707 3076 732 3112 v.
749 3060 809 3111 967.
829 3056 923 3127 δράσω
941 3057 977 3112 τά
1003 3059 1054 3127 ]Ι.
1074 3074 1098 3111 ο.
1115 3071 1159 3112 οι-

673 3125 803 3195 γήοομαι.
825 3127 857 3177 R.
871 3127 907 3176 K.

707 3211 732 3246 ν.
750 3195 810 3247 979.
829 3188 920 3257 εἷπον]
934 3193 1002 3243 Vide
1014 3193 1048 3242 ad
1060 3210 1086 3242 v.
1098 3194 1161 3249 993.

706 3278 731 3312 v.
749 3260 809 3313 978.
827 3258 916 3323 ἐξιᾶσι
934 3257 1029 3309 πάντα
1052 3257 1086 3321 δὴ
1106 3257 1161 3310 κά-

672 3328 739 3393 λων]
763 3322 939 3376 Proverbialia
967 3322 1084 3383 locutio,
1117 3325 1160 3373 cui

673 3392 766 3445 similis
785 3392 837 3441 ulia
854 3385 949 3440 πάντα
972 3387 1055 3439 λίθον
1071 3392 1160 3442 κινεῖν

673 3456 876 3528 (Hemstorh.
899 3455 997 3507 Auecd.
1020 3473 1047 3522 p.
1075 3457 1159 3526 lau),

674 3529 708 3580 dc
717 3527 761 3593 iis,
775 3529 820 3594 qui
834 3524 900 3576 nihil
912 3539 964 3572 non
978 3524 1157 3589 experiuntur.

673 3594 848 3662 Aristoph.
868 3591 955 3658 Equit.
975 3591 1039 3642 753:
1055 3593 1162 3649 νῦνδεῒ

672 3679 703 3718 σε
720 3660 814 3715 πάντα
831 3657 866 3723 δὴ
884 3656 977 3712 κάλων
994 3657 1095 3724 ἐξιέναι
1116 3679 1158 3717 σε·

673 3730 772 3785 αυτοῦ.
816 3727 883 3778 Vide
903 3727 980 3779 adh.
999 3729 1016 3780 l.
1035 3731 1158 3782 Kuste-

673 3815 743 3853 rum
765 3805 791 3846 et
810 3794 977 3848 Valcken.
996 3797 1110 3850 Diatrib.
1130 3815 1157 3866 p.

672 3867 769 3917 VSM.
794 3861 897 3918 Πάντα
918 3862 1010 3918 κάλων
1028 3864 1159 3920 ἐκτείνειν

673 3934 766 3984 eadem
793 3934 923 3985 sententia
952 3933 1020 3983 dixit
1049 3934 1157 3986 Pluto

672 4003 779 4069 Protag.
794 4002 883 4071 pase.
900 4005 940 4068 A„
955 3997 1050 4052 πάντα
1067 3997 1160 4055 κάλων

672 4074 761 4128 κινεῖν
783 4071 921 4124 Luciam
946 4067 1037 4136 Scyth.
1065 4069 1090 4136 6.
1114 4071 1157 4124 11.
