2610 4546
458 309 463 315 ·
548 272 765 338 HECUBA.
1107 264 1163 335 '16

139 466 217 534 μου.
259 433 307 524 ώς
322 423 522 508 ούντοῦτον
535 422 631 526 εὗρεν
648 461 671 529 η
658 429 799 528 ‘606222
814 432 962 560 κείμενογ
976 430 1061 507 ἐπ”
1038 441 1163 524 ακταῒς,

140 538 320 634 ἀνελομένη
334 539 390 609 καλ
405 565 451 636 τρι
438 535 579 634 πέπλῳ
593 531 738 618 ελλίξασα
751 536 876 627 κομίζει
891 532 977 665 πρὸς
989 532 1049 630 τὴν
1059 534 1162 608 Ἑκά-

139 650 214 738 βην.
237 636 340 736 καὶῆ
362 665 421 711 τον
433 664 494 732 της
510 606 707 731 Πολυξένης
727 636 856 729 νεκρόν,
882 639 961 730 πρὶν
983 637 1160 711 ἐκκεκαλύ-

141 752 233 870 (γδαι
251 747 382 827 τοῦτον,
409 745 492 811 εἰναι
513 739 696 829 νομίσασα,
716 735 862 832 ἐπειδὴ
843 765 923 832 εγνω
940 738 1162 830 Πολύδωρον,

142 843 270 930 ἀθλίως
285 869 318 913 τε
332 842 404 934 έσχε
417 836 512 912 καλ”
492 860 583 937 οπως
598 836 769 930 ἀμυνεῖται
785 838 1040 967 Πολυμήστορα
1054 867 1161 967 μηχα-

140 951 236 1019 νᾶται
246 942 394 1016 τοιάνδε·
424 941 653 1036 κοινωσαμένη
665 939 838 1066 πρότερον
857 968 921 1036 την
939 943 1015 1067 περὶ
1033 940 1161 1014 τούτου

116 1042 117 1045 “
139 1046 272 1143 γνώμην
286 1042 490 1171 Ἀγεμέμνονι
503 1041 623 1134 πέμπει
635 1069 695 1137 την
709 1039 816 1137 αῦτης
832 1040 1001 1139 δούλην
976 1071 1023 1130 ως
1040 1047 1162 1116 Πολυ-

139 1146 301 1244 μήστορα,
318 1142 423 1218 αὐτόν
436 1145 540 1216 τεκαὶ
551 1140 592 1214 τά
605 1142 702 1214 τέκνα
714 1141 799 1235 πρὸς
816 1141 939 1271 ἓαητην
955 1150 1162 1236 μετακαλαν-

140 1251 224 1372 μένη
247 1249 323 1340 περί
345 1272 446 1371 τινος·
444 1242 641 1371 ἀναγκαίου
671 1242 771 1334 πρὸς
788 1242 893 1323 αύτδν
921 1244 1161 1318 κοινώσασθαι.
1237 1295 1242 1304 .

142 1339 245 1436 οὗτος
265 1349 324 1439 μὲν
345 1335 410 1418 ούν
432 1343 569 1439 ἀγνοῶν,
603 1341 654 1415 ὅτι
678 1342 953 1436 Πολύδωρος”
912 1374 1049 1473 ενρηται
1070 1344 1163 1441 παρά

140 1447 201 1538 τάς
217 1445 328 1536 ἀκτάς,
353 1442 446 1518 καλ”
425 1474 493 1574 αμα
511 1447 570 1516 καί
584 1463 669 1517 τισιν
682 1441 888 1534 ῦποκλαπελς
904 1445 1009 1574 μετά
1002 1476 1069 1520 των
1082 1450 1162 1520 παί
1239 1474 1248 1537 j

142 1556 211 1624 δων
223 1545 368 1678 πρδς’
322 1545 428 1646 αυτην
442 1544 636 1641 ἀφικνεῖται.
658 1542 795 1674 Ρἶίδκάβη
809 1549 844 1619 δὲ
861 1545 947 1640 πρὸς
962 1546 1066 1621 αύτδν
1080 1548 1163 1622 τού-

140 1679 205 1725 του
226 1650 322 1744 χάριν
343 1649 409 1745 ἔφη
428 1648 669 1744 κεκληκέναι,
657 1650 711 1718 ι’να
734 1655 867 1742 χρυσοῦ
887 1648 1091 1746 θησαυρούς
1107 1678 1163 1723 κε-

140 1751 355 1876 κρυμμένονς
375 1746 500 1823 ὑπ”
454 1756 559 1846 αυτῆς
580 1750 614 1822 ἐν
630 1745 687 1819 Ἰλί
686 1777 712 1819 ω
690 1749 870 1849 μηνύση.
922 1749 1039 1846 είςάγει
1053 1754 1089 1824 δέ
1106 1753 1162 1824 καλ

140 1861 202 1950 τῆς
219 1858 346 1980 σκηνης
365 1853 460 1924 ένδον
480 1853 634 1937 εἰποῦσα,
660 1847 707 1938 ὡς
727 1847 768 1924 ἀν
790 1851 888 1923 καλ”’
867 1850 951 1948 περ’
969 1850 1049 1924 ἀττα
1072 1851 1165 1956 αύτῦ

142 1955 241 2027 δώσει
254 1953 422 2048 χρήματα,
448 1948 522 2045 μεθ’
537 1942 584 2024 διν
582 1950 772 2075 ἐξηλδε”
730 1980 792 2047 της
807 1955 940 2046 Τροίας.
982 1926 1162 2049 ἐκέκρυπτο
1282 1968 1284 1972 ’

141 2058 179 2128 δὲ
194 2057 270 2127 εισω
286 2060 438 2139 πλεῖστος
449 2058 616 2144 γυναικών
633 2049 749 2144 ὄχλος,
775 2051 841 2125 σῦν
856 2051 908 2142 αἶς
924 2061 1045 2127 τοῦτον
1061 2058 1163 2143 είςελ-
1239 2134 1241 2136 ,

141 2154 252 2227 δόντα
267 2151 394 2250 Ἑκάβη
412 2150 601 2245 ὀφθαλμῶν
621 2179 655 2225 τε
678 2161 785 2246 στερεῖ
805 2152 915 2225 καλ“
876 2182 917 2225 τα
940 2155 1099 2228 τέκνα’
1053 2163 1164 2230 αυτοῦ

142 2252 357 2348 ἀποσφάττει.
397 2252 594 2341 δικάσαντος
620 2254 657 2325 δὲ
692 2251 822 2343 αύτούς
842 2262 906 2328 τοῦ
927 2253 1164 2352 Ἀγαμέμνονος

123 2426 126 2430 ,
142 2351 292 2447 ὕστερον,
309 2355 366 2426 καί
382 2380 448 2428 του
434 2351 733 2482 ἰΠολομήστορος
747 2354 856 2428 πολλά
868 2359 998 2453 περί
956 2385 1017 2456 της
1029 2366 1164 2458 σφαγῆς

142 2455 360 2546 Πολυδώρου
375 2457 657 2549 διαπλασαμένον,
678 2452 805 2584 Ἑκάβη
820 2460 1019 2585 περιεγένετο
1033 2460 1163 2587 ἐλέγξα-

141 2572 187 2629 σα
206 2554 322 2644 αύτδν,
347 2585 393 2644 ως
404 2584 468 2629 του
493 2563 627 2650 χρυσοῦ
647 2555 743 2651 χάριν
763 2561 820 2631 καλ
843 2558 908 2688 ούχ
924 2551 971 2633 ών
990 2560 1163 2655 προύτεινε

140 2655 201 2731 τδν
214 2662 319 2730 παῖδα
342 2656 458 2744 ἀνεῖλε,
483 2658 673 2786 σύμύηερον
684 2666 816 2753 σχοῦσα
829 2664 887 2733 καλ
897 2659 1129 2758 Ἀγαμέμνονα.

210 2755 258 2831 H
269 2761 330 2852 μὲν
352 2755 460 2888 σκηνὴ
482 2766 546 2832 τοῦ
569 2758 780 2852 δράματος
758 2759 932 2835 υπύκειται
952 2764 1047 2836 ἐν’
1006 2793 1046 2893 τη
1072 2762 1161 2838 ἀντι·
1283 2764 1287 2768 ’

138 2861 244 2954 πέραν
261 2866 322 2959 τῆς
338 2860 475 2959 Θράκης
488 2858 757 2962 Χερρονήσῳ·“
739 2888 760 2933 ο
784 2865 819 2935 δέ
839 2861 941 2958 χορδς
961 2866 1162 2979 συνέστηκεν

135 2961 178 3153 ἐχ
197 2966 372 3153 εχηχνχαβιχῦν
395 2963 642 3053 αἰχμαλωτίδων
670 2964 838 3064 Τρῳάδων
867 2970 1162 3083 σνμμαχησουσών

464 3156 906 3302 κατακάετ’

211 3358 306 3433 Μετά
323 3388 385 3458 την
403 3357 503 3433 Ἰλίου
516 3365 714 3458 πολιορκίαν
727 3366 811 3438 ολ
774 3367 811 3460 μ
813 3395 833 3440 ν
849 3362 1010 3465 Ἓλληνες
1031 3360 1136 3459 είς
1099 3402 1160 3471 την

137 3460 312 3556 ἀντιπέραν
325 3460 487 3589 Τρῳάδος
503 3463 720 3562 Χεῤῥάνησον
732 3471 1029 3595 καθωρμίσδησαν·
1054 3471 1159 3568 Ἀχιλ-

137 3560 216 3650 λεύς
232 3565 267 3634 δέ
282 3562 405 3652 νυκτὸς
423 3561 562 3658 ὁραθείς
577 3573 746 3693 σηαχῆται
759 3566 909 3666 ηξίου’
870 3599 949 3663 μιαν
965 3580 1030 3646 τών
1046 3576 1158 3667 Πριά-

136 3691 205 3757 μου
220 3667 421 3758 θυγατέροιν.
458 3667 491 3738 ολ
505 3657 624 3759 μένῖ
580 3696 644 3740 ουν
649 3666 810 3768 Ἓλληνες
826 3679 979 3765 τιμῶντες
991 3672 1052 3746 τὸν
1063 3673 1158 3770 ἥρωα

136 3763 371 3862 Πολυξένην’
350 3768 604 3859 αποσπάσαντες
620 3767 765 3869 Ἑκάβης
785 3773 1000 3869 έσηιαγίασαν
1036 3781 1156 3854 Πολυ-

134 3867 268 3964 μηστωρ
292 3865 366 3940 δέ’
350 3895 369 3940 ο
386 3894 451 3939 των
468 3875 612 3968 Θρᾳκῶν
631 3871 824 3965 βασιλεύς’
804 3903 861 3946 ενα
873 3882 938 3947 τών
957 3882 1155 3971 Πριαμιδῶν

134 3968 347 4063 Πολύδωρον
369 3969 582 4063 κατέσφαξεν.
623 3974 795 4073 εἰλήφειδ
775 3977 811 4046 δέ
840 3983 961 4050 τοῦτον
979 3978 1070 4106 παρά
1088 3989 1154 4055 τοῦ

133 4069 331 4166 Πριάμουὸ
351 4069 590 4169 Πολυμήστωρ
606 4077 653 4164 εἰς
671 4077 958 4176 παρακαταθηκην
974 4079 1054 4172 μετά
1069 4110 1151 4177 χρη-
