2610 4546
144 271 166 315 n
524 248 780 314 liUlllPllllS

142 406 179 460 ssl
201 404 320 460 similem
342 420 453 458 musam
473 407 614 474 pertinent,
637 413 667 460 ut
690 408 817 476 repetitio
842 410 989 462 somniem
1012 410 1158 465 verborum

142 501 246 553 nullam
269 498 446 552 offensionem
463 499 574 552 haheat.
616 499 712 552 haudo
729 500 813 569 igitur
829 501 1041 569 Firnhshsrum‚
1065 509 1158 557 contra

142 610 225 660 quem
242 608 294 644 ιιοιι
313 590 475 658 disputavit,
486 593 535 644 sed
552 593 717 645 declamavit
732 593 938 660 Witsschelius,
955 596 1002 662 qui
1017 597 1072 648 hoc
1089 613 1157 663 quo-

79 706 82 712 *
142 701 195 751 quc
211 686 273 736 loco
289 699 386 736 verum
402 683 478 737 vidit.
518 685 599 752 Quod
621 690 711 737 autem
735 686 769 739 (i.
788 688 961 739 Hermannus
977 689 997 740 l.
1012 691 1032 741 l.
1051 706 1078 755 p.
1095 687 1157 740 116.

141 775 332 844 pronuntiavit,
348 776 449 828 mirum
463 793 529 841 esse,
548 778 620 843 quod
637 778 755 830 dicatur:
774 773 795 846 ἢ
812 778 860 833 καὶ
876 776 1025 849 τύραννον,
1041 780 1071 831 id
1088 780 1157 832 mihi

140 869 250 936 quidem
265 867 366 920 mirum
383 884 442 920 esse
459 885 512 920 uon
529 868 645 921 videtur.
669 869 739 922 Nam
757 876 899 937 postquam
915 874 1006 925 nutrix
1023 874 1058 924 cle
1072 873 1156 924 caetlc

139 977 229 1015 mas
248 960 373 1030 coniugis
386 960 579 1030 significasset,
605 978 687 1028 quam
703 962 841 1015 videretur
856 964 949 1015 moliri
964 965 1076 1030 Medea,
1094 981 1155 1016 mu-

139 1053 192 1106 lier
215 1055 345 1106 adversm
365 1052 523 1117 mulierem,
551 1059 658 1120 poterat
679 1056 728 1107 ills
750 1071 816 1107 sans
843 1060 872 1107 ut
896 1056 1027 1108 audacius
1051 1056 1156 1123 aliquid

39 1179 41 1183 v
141 1151 223 1213 atque
240 1145 352 1217 gravius
369 1146 422 1197 hoc
438 1163 549 1213 ponere,
567 1150 639 1212 quod
655 1148 754 1199 Medea
771 1149 839 1199 adeo
856 1165 952 1217 regem
969 1148 1049 1201 huius
1065 1155 1156 1201 terras

140 1239 252 1306 eiusque
276 1255 424 1308 generum,
448 1238 585 1290 imbecilla
602 1241 701 1292 mulier
727 1239 802 1291 viros
819 1239 996 1305 fortissimos,
1018 1242 1154 1293 trucidare

140 1332 232 1385 vellet.
273 1331 333 1384 Non
347 1331 448 1383 summi
464 1331 517 1384 viri
534 1348 631 1396 causa,
653 1333 703 1385 sed
725 1339 837 1400 propter
853 1332 953 1385 tirones
970 1349 1154 1385 commemoro
1232 1345 1233 1348 ’

139 1442 185 1478 ms
206 1424 241 1477 dc
263 1425 318 1476 hoc
339 1442 389 1476 usu
412 1419 432 1494 ἢ
453 1423 503 1478 καί
528 1425 722 1491 particularum
745 1425 923 1494 explicavisse
946 1426 982 1479 ad
1004 1425 1154 1478 Bovarium

139 1517 199 1570 Vol.
216 1518 252 1570 11.
268 1535 295 1584 p.
313 1515 373 1569 592

205 1611 286 1680 Quasi
302 1616 394 1664 autem
410 1611 446 1663 ad
462 1629 489 1664 a.
505 1609 541 1664 93
557 1628 632 1680 scae

655 1697 878 1758 ciii'sssc'mtas

290 1793 388 1864 χόλου,
405 1791 472 1863 σάφ’
490 1792 571 1857 οῖδα,
586 1794 652 1864 πρὶν
669 1796 851 1863 κατασκήψαί
866 1814 940 1861 τινα,
1027 1839 1030 1845 «

80 1865 85 1882 “
138 1888 286 1956 disputarit
306 1890 351 1942 vir
371 1905 505 1952 summus,
529 1886 582 1938 sibi
605 1887 829 1942 constructionem
849 1887 1056 1956 κατασκήπτειν
1078 1882 1151 1951 τινα,
1179 1897 1181 1901 “

75 1983 77 1986 ’
137 1981 245 2034 etiamsi
265 1978 393 2048 insessis
409 1979 474 2034 τινὰ
491 1980 592 2032 dictum
610 1984 680 2031 esset
696 1997 714 2032 a
731 1980 858 2047 Graecis,
879 1983 1037 2034 insolentem
1055 1979 1151 2045 videri,

68 2138 74 2145 Ι
137 2089 190 2127 aon
213 2073 304 2143 magis
332 2074 472 2126 maentior.
512 2072 583 2124 Nam
614 2071 719 2123 etiamsi
738 2091 834 2126 verum
852 2079 908 2138 est,
932 2075 1003 2141 quod
1020 2071 1153 2138 exemplis

136 2168 264 2234 probavit
279 2167 310 2219 P.
329 2167 490 2231 Elmsleius,
513 2181 531 2217 a
548 2165 662 2217 Graecis
685 2165 712 2217 in
736 2166 872 2234 plerisque
888 2166 956 2219 locis
973 2166 1076 2218 dictum
1092 2180 1152 2215 esse

137 2264 184 2312 aut
205 2257 410 2325 κατασκήπτειν
434 2259 475 2318 εἴς
497 2275 562 2310 τινα
584 2263 632 2308 aut
654 2257 736 2308 etiam
758 2256 965 2325 κατασκήπτειν
988 2256 1053 2319 τινί,
1077 2256 1154 2308 cuins

135 2350 177 2402 rei
194 2352 349 2417 exemplum
366 2348 456 2416 posuit
471 2347 518 2400 ille
535 2349 668 2400 Herodoti
685 2365 700 2398 e
725 2349 772 2403 lih.
792 2350 848 2399 Vll.
867 2365 928 2416 cap.
945 2347 1012 2400 las:
1031 2354 1104 2404 τοῖσι
1121 2347 1152 2402 et

136 2433 177 2496 sis
183 2442 430 2509 Λακεδαιμονίοισι
444 2441 526 2508 μῆνις
537 2437 694 2506 κατέσκηψε
704 2441 876 2509 Ταλθυβίου,
887 2441 940 2494 τοῦ
954 2435 1154 2508 Ἀγαμέμνονος
1178 2494 1179 2498 ,
1193 2472 1196 2478 ·

135 2522 271 2606 κήρυκος,
291 2540 381 2586 tamen
397 2533 467 2585 nihil
484 2532 616 2596 obstabat,
635 2531 791 2598 quominus,
816 2533 839 2584 si
856 2534 980 2585 intimam
998 2532 1076 2585 verbi
1094 2533 1152 2586 vim

136 2628 226 2697 potius
255 2643 336 2694 qaam
360 2625 499 2693 propriam
524 2630 651 2676 ιιοῑιιταιιι
680 2630 742 2677 ante
770 2629 864 2679 oculos
891 2627 1038 2690 haherent,
1068 2626 1151 2680 etiam

137 2704 199 2770 cum
216 2718 370 2770 accusativo
389 2717 488 2769 Graeci
506 2717 699 2785 coniungerent
716 2719 770 2769 hoc
786 2720 910 2771 verbum.
931 2704 992 2770 ¹Sic
1009 2717 1082 2769 enim
1098 2735 1150 2770 ιιοιι

135 2816 193 2865 tam
210 2809 358 2862 motionem
373 2810 435 2862 fieri
452 2811 583 2861 adversus
599 2809 719 2875 aliquem
735 2810 762 2861 in
778 2812 832 2861 hoc
848 2812 933 2863 verbo
949 2809 1150 2878 significabant,

134 2905 183 2957 sed
201 2903 277 2956 affici
294 2920 358 2968 eum
381 2904 470 2971 potius
491 2902 519 2954 in
537 2901 641 2953 actione
658 2901 737 2953 verbi
760 2902 856 2969 ip‘sum.
891 2904 922 2955 Id
938 2903 1028 2970 ipsum
1044 2904 1153 2956 videtur

133 2995 299 3050 intellexisse
316 2996 480 3060 scholiasta,
498 2993 559 3062 qui:
584 2995 744 3061 κατασκή
752 3005 815 3062 ψαι
833 2993 878 3059 δέ,
902 2995 1002 3062 inquit,
1019 2991 1083 3050 cinci
1100 2995 1161 3049 soni

134 3084 287 3160 βλάψαι,
310 3084 366 3141 ἀπὸ
384 3088 441 3140 τοῦ·
453 3087 593 3155 κεραυνοῦ
609 3086 660 3138 τοῦ
676 3090 816 3155 σκηπτοῦ,
840 3085 902 3141 οἷον
918 3088 1151 3158 κεραυνῶσαι.

134 3182 171 3234 lu
186 3180 333 3233 similitudo
358 3180 493 3247 quaedam
511 3177 568 3230 cius
591 3178 794 3230 constructionis
812 3181 1009 3245 quodammodo
1032 3197 1050 3231 a
1066 3181 1151 3233 verbo

127 3252 313 3342 Ιὅστισαήκοτειυ
335 3272 393 3340 peti
408 3289 488 3339 posse
504 3271 628 3336 vitietur,
645 3273 725 3338 qnod,
743 3272 953 3337 quamproprie
970 3272 1076 3320 dicatur
1093 3268 1152 3323 ins·

134 3363 268 3434 σνήκττιν
289 3365 345 3418 τιυὶ
367 3367 413 3418 vel
437 3364 478 3426 sic
499 3381 578 3426 τινα,
603 3365 695 3414 tamen
717 3365 822 3412 mutata
844 3360 921 3412 verhi
945 3360 1049 3410 ratione
1068 3361 1150 3413 etiam

136 3477 198 3512 cum
215 3459 369 3511 accusativo
388 3472 519 3524 personae
534 3454 712 3523 coniungitur,
730 3453 816 3506 veluti
832 3452 860 3504 in
877 3453 1062 3520 Sophoclis
1079 3456 1150 3506 Tra-

92 3598 94 3605 .
135 3551 234 3605 chiniis
250 3569 278 3604 v.
297 3549 374 3602 1221.
392 3551 440 3602 Br.
458 3554 486 3601 et
503 3549 531 3600 in
547 3546 732 3615 Euripidis
749 3545 895 3616 iphigenia
912 3543 1031 3597 Taurica
1044 3564 1072 3599 v.
1088 3545 1149 3599 684.

133 3645 233 3699 Manu

200 3738 232 3788 V.
248 3735 308 3788 166.
331 3738 370 3788 ita
393 3734 519 3803 probavit
542 3734 575 3786 G.
592 3735 764 3786 Hermanuus
782 3727 986 3794 explicationem
1010 3732 1037 3782 h.
1054 3731 1150 3800 Pang-

135 3827 174 3881 lii
198 3844 216 3880 a
232 3828 408 3881 Witnschelio
433 3829 589 3894 adoptatam
613 3824 759 3876 verborum
788 3816 874 3892 vietis
903 3819 1094 3893 ἕξαιρόμτνον,
1117 3823 1149 3874 'si
1202 3871 1207 3875 .

135 3904 305 3973 conteretur
316 3917 401 3990 ἀρχῆς
414 3918 446 3986 ἓξ
465 3917 622 3989 αἰρόμενον.
663 3915 703 3968 Ac
727 3914 767 3967 sic
783 3914 933 3982 suspicatur
950 3916 978 3970 in
995 3913 1148 3982 antiquissi-

135 4012 187 4066 mis
203 4011 280 4064 libris
296 4013 427 4080 scriptum
444 4011 538 4066 fuisse.
902 4010 904 4015 ⁴
1010 4020 1014 4028 “
