2610 4546
203 260 225 320 8
281 277 286 286 ·
583 252 840 315 EURIPIDIS

203 432 265 468 rem
275 413 302 467 in
314 416 405 467 lacem
417 411 578 466 emittimus:
603 428 758 480 quanquam
771 429 854 478 quum
867 413 893 465 in
905 413 1149 481 reprehensoribus
1162 433 1231 485 poe-

204 513 250 561 tae
263 508 373 575 qnidam
387 506 492 558 nobiles
504 506 556 558 sint
575 510 601 558 et
617 505 710 557 eximii
716 504 785 577 ¹viri,
802 507 894 572 plnres
907 524 965 557 esse
984 507 1165 575 suspicamur,
1184 509 1231 576 qni

205 600 268 668 quid
280 601 436 668 peccaverit
446 600 611 667 exprobrare
626 615 710 665 qnam
723 599 788 664 qnid
800 598 871 650 bene
883 599 1000 668 gesserit
1010 602 1155 671 explorare
1168 619 1231 656 ma-

205 694 262 748 lint.
296 694 336 746 dc
355 693 433 746 nobis
452 692 562 745 tametsi
583 709 670 758 neque
687 693 802 744 laudare
815 693 961 744 Hecubam
975 710 1061 759 neque
1079 697 1232 762 reprehen-

205 788 271 839 dere
283 786 426 838 consilinm
439 791 507 849 erat,
524 790 625 849 tamen,
643 802 727 852 quum
740 784 830 837 visum
849 790 919 837 esset
935 787 970 836 de
988 787 1123 839 nonnullis
1138 790 1231 856 rehns,

204 896 275 949 qnae
302 880 337 931 ad
354 877 604 945 interpretationem
627 878 708 928 huius
728 877 840 929 fabulae
861 878 1027 945 pertinerent
1053 896 1140 946 neque
1163 882 1231 934 satis

204 974 347 1026 commode
367 972 394 1023 in
416 971 472 1024 illis
491 969 671 1022 annotationis
690 971 822 1038 angnstiis
843 970 956 1021 tractari
973 977 1098 1037 possent,
1115 975 1230 1028 seorsim

206 1048 311 1130 dicere:
325 1083 385 1116 rem
400 1065 476 1116 haud
492 1064 630 1131 ingratam
644 1063 791 1114 lectoribus
802 1079 852 1114 nos
867 1063 990 1117 facturos
1004 1064 1228 1133 existimavimus,

204 1251 334 1304 universa
347 1250 421 1303 illins
431 1246 591 1317 tragoediae
604 1248 709 1299 ratione
720 1248 821 1300 rectius
831 1247 953 1301 iudicare
964 1252 1075 1303 vellent.

273 1341 568 1412 Argumentnmigitnr
577 1341 710 1392 Hecubae
727 1342 921 1409 depromptum
933 1349 973 1394 est
988 1361 1020 1394 er
1033 1344 1169 1397 memoria
1181 1362 1229 1397 cx·

203 1435 269 1488 cidii
280 1435 402 1500 Troiani,
419 1435 491 1486 unde
507 1433 606 1501 petitas
625 1433 693 1484 duas
711 1451 756 1485 res
775 1435 941 1487 consociavit
957 1442 1046 1503 poeta,
1062 1435 1231 1488 immolatio-

204 1546 268 1582 nem
281 1530 439 1597 Ponrenae
458 1529 494 1579 ad
514 1528 648 1578 tumulum
666 1525 790 1591 Achillis,
811 1531 843 1580 'et
860 1528 1069 1597 Polymestoris,
1086 1531 1231 1583 Thracum

203 1622 296 1692 regis,
322 1623 358 1674 oh
383 1619 555 1673 interfectum
573 1618 756 1687 Polydorum,
786 1620 921 1672 Hecubae
943 1622 1032 1674 filium
1059 1623 1230 1697 eandemque

202 1715 288 1783 ipsius
299 1716 400 1766 tutelae
413 1711 602 1776 commissum,¹
612 1711 772 1763 vindictam.
795 1715 838 1765 Ita
851 1713 957 1768 factum
970 1721 1019 1779 eet,
1031 1720 1061 1765 ut
1069 1715 1171 1781 duplex
1184 1733 1229 1768 es·

203 1814 244 1860 set
255 1825 308 1859 non
323 1809 412 1858 solum
428 1806 508 1869 actio,
525 1807 574 1857 sed
585 1807 662 1857 locos
673 1805 766 1872 etiarm
783 1808 832 1861 uhi
850 1825 895 1861 res
917 1814 1071 1877 agerentur,
1088 1808 1228 1862 Thraciae

203 1901 388 1952 Chersonesus
404 1904 431 1950 et
443 1897 539 1951 Troia.
574 1898 613 1950 dc
625 1900 659 1950 de
672 1902 732 1951 Ioco
746 1907 843 1968 postea
855 1901 1024 1963 videbimns3
1043 1901 1163 1954 actiones
1174 1918 1228 1954 aa·

203 1998 260 2047 tem
272 2007 341 2060 quos
353 1993 410 2045 dlxi
425 1994 502 2055 duos,
519 1991 571 2043 nisi
583 1992 698 2062 egregie
711 1989 805 2060 fallor,
821 1994 949 2064 coniungi
967 2010 1077 2046 necesse
1091 1993 1155 2060 fnit,
1172 2001 1231 2061 aut,

202 2084 227 2137 si
243 2084 371 2154 coniungi
386 2085 446 2137 sine
463 2083 531 2137 vitio
551 2102 604 2137 non
619 2093 744 2154 possent,
768 2094 856 2141 tatum
869 2094 1061 2159 argumentum
1072 2087 1232 2154 relinquen-

133 2184 142 2199 ⁸
203 2179 278 2231 dum.
311 2179 369 2247 Sed
381 2178 431 2231 illa
443 2179 623 2246 reprehensio
636 2187 695 2233 tota
708 2183 798 2249 qualis
811 2185 921 2235 tandem
939 2180 1000 2235 esti
1033 2180 1127 2246 Neque
1145 2181 1232 2247 enlm,

202 2277 232 2325 nt
247 2273 353 2340 opinor,
365 2288 428 2324 eam
439 2272 497 2325 vim
509 2270 596 2324 hahet
610 2275 664 2326 hoc
678 2282 864 2345 praeceptum,
877 2277 948 2342 qnod
962 2272 1079 2326 excludit
1092 2273 1232 2326 eiusmodi

201 2365 367 2417 varietatem
382 2365 552 2435 argumenti,
570 2371 600 2419 nt
620 2372 697 2422 nnIIa
713 2369 749 2421 sit
763 2370 833 2419 hona
848 2367 952 2428 fabula,
970 2365 1022 2415 nisi
1038 2377 1106 2427 qnae
1118 2362 1229 2426 simpli-
1270 2392 1273 2396 -

201 2473 263 2511 cem
276 2459 380 2510 haheat
394 2459 538 2525 actionem,
555 2463 604 2513 sed
615 2464 664 2516 illa
677 2465 724 2516 val
738 2461 841 2529 optima
853 2459 987 2510 censenda
999 2459 1047 2519 est,
1059 2468 1113 2521 qna
1125 2469 1170 2504 res
1183 2453 1229 2504 di-

201 2567 300 2604 verssc
317 2551 356 2605 ita
375 2558 437 2606 sunt
453 2557 668 2622 comprehensae
683 2563 711 2610 et
731 2555 850 2624 quodam
870 2551 973 2604 mixtae
990 2548 1068 2616 qnasi
1087 2553 1230 2613 tempera-

201 2650 302 2710 mento,
320 2651 349 2697 ut
366 2663 417 2698 eae
431 2647 466 2698 ad
479 2663 563 2700 unum
575 2655 666 2701 tamen
679 2650 848 2716 eandemque
857 2647 944 2699 finem
958 2641 1119 2709 conspirent.
1155 2641 1231 2707 Quid

202 2743 243 2788 est
256 2737 345 2802 enim,
368 2757 417 2790 cnr
434 2740 603 2794 desideretur
618 2741 646 2792 in
667 2716 812 2809 tng’ocdta
830 2740 918 2790 unitas
935 2734 1071 2789 actionis?
1087 2733 1139 2785 nisi
1155 2737 1230 2802 quod

202 2831 353 2883 coniunctis
377 2850 447 2899 qnae
464 2842 510 2887 aut
526 2836 636 2905 singola
656 2839 748 2900 aptam
767 2831 927 2900 tragoediae
944 2827 1089 2880 materiam
1108 2829 1229 2894 praehe-

200 2927 270 2985 rent‚
289 2930 336 2975 ant
351 2925 454 2992 aliquid
473 2931 571 2981 saltem
584 2928 727 2990 haherent,
743 2925 816 2992 qnod
833 2922 943 2993 Ioagins
962 2927 1129 2990 evagaretur
1139 2928 1167 2974 et
1179 2940 1229 2975 ex-

201 3016 330 3068 uhernret
346 3020 556 3087 quodammodo,
568 3021 631 3075 fleri
639 3036 692 3072 non
703 3025 801 3088 potest,
814 3016 887 3085 quin,
901 3017 1026 3067 absoluta
1039 3032 1093 3067 aaa
1108 3022 1187 3082 parte
1200 3023 1230 3070 et

202 3111 368 3176 consumptis
385 3118 475 3165 metus
493 3130 527 3165 ac
546 3114 730 3169 miserationis
742 3114 894 3176 affectibus,
912 3112 948 3162 ad
965 3110 1070 3176 reliqna
1090 3109 1230 3162 minuatur

201 3201 314 3253 attentio
330 3209 357 3254 et
371 3207 531 3274 languescat
541 3207 662 3259 studium
675 3206 823 3274 spectandi·
851 3206 939 3271 Atque
950 3203 979 3255 in
990 3204 1105 3255 Hecuba
1118 3203 1231 3269 quidem

201 3300 305 3346 tantum
321 3296 409 3362 abest,
427 3304 459 3350 nt
473 3301 579 3367 aliquid
593 3301 735 3352 abundare
750 3299 887 3363 yldestan,
904 3304 943 3362 nt,
960 3298 1231 3350 demonstremus

200 3394 288 3454 parte,
305 3388 467 3456 imperfecta
481 3392 516 3443 sit
527 3394 599 3445 haec
614 3393 712 3445 fabula
725 3393 827 3444 futura.
863 3391 919 3444 Sed
933 3405 987 3455 qno
1002 3385 1092 3455 magis
1112 3389 1176 3453 quid
1193 3393 1231 3444 de

199 3479 274 3532 illins
288 3484 483 3549 compositione
496 3486 645 3538 sentiamus
661 3485 851 3553 perspiciatur,
868 3485 1060 3552 argumentum
1073 3482 1167 3535 ordine
1180 3502 1231 3536 ex·

99 3624 106 3640 ,
202 3575 372 3642 plicahirnus.

268 3668 381 3736 Prologi
396 3674 488 3735 partes
501 3671 560 3740 agit
571 3671 749 3724 simulacrum
763 3665 903 3734 Polydori,
923 3664 976 3731 qni,
991 3681 1076 3731 quum
1090 3670 1161 3717 esset
1172 3672 1231 3718 ter-

201 3759 238 3810 tio
252 3761 353 3811 abhinc
366 3762 410 3813 die
425 3762 530 3814 occisus
545 3765 581 3815 ah
596 3764 705 3830 hospite
720 3761 818 3829 opibus
834 3757 920 3825 ipsine
934 3759 1053 3825 potitura
1069 3766 1095 3811 ct
1110 3760 1135 3810 in
1150 3776 1231 3823 mara

200 3853 345 3920 proiectus,
362 3854 524 3921 impetrasse
540 3875 570 3909 se
586 3873 603 3908 a
619 3856 678 3907 niis
693 3853 789 3906 inieris
802 3857 908 3916 narrat,
926 3858 956 3904 nt
974 3852 1106 3905 incideret
1120 3853 1146 3903 in
1165 3870 1230 3905 ma-

200 3962 249 3996 nns
260 3946 356 3998 matris
370 3953 398 3997 et
414 3952 574 4015 sepulturae
588 3950 694 4001 honore
708 3945 886 4010 afficeretnr3
905 3947 1012 3999 venisse
1027 3952 1119 4000 antem
1132 3947 1230 3997 Hecu-

200 4039 265 4090 bam
281 4055 299 4091 a
319 4040 406 4092 Troia
424 4039 452 4092 in
465 4043 678 4103 Chersonesum,
705 4038 779 4105 quod
802 4046 862 4094 erat
884 4059 1001 4112 regnum
1018 4040 1229 4108 Polymestoris,
