2610 4546
181 239 223 301 ιι
562 234 821 330 ααιιιιιιιιε

182 394 242 470 σάν
266 394 368 469 δόντα
391 395 449 468 καὶ
472 394 621 492 γήμαντα
644 395 702 468 καὶ
725 394 936 491 γαμουμένην

182 495 318 592 δράσειν
341 524 381 568 τι.
407 495 502 568 ταῦτ)
527 485 591 569 οὖν
615 498 695 589 πρὶν
718 503 840 568 παθεθν
865 488 1065 589 φυλάξομαι.

181 605 338 694 κρεῖσσον
362 597 400 668 δέ
423 625 481 689 μοι
504 603 570 669 νῦν
592 595 679 690 πρός
704 593 735 666 σ
760 594 978 688 άπὲχθεσθαι,
1002 591 1114 688 γύναι,
1129 597 1204 666 990
1283 594 1290 599 ’

180 694 205 794 ἢ
228 696 499 790 μαλθακισθένθ’
523 694 665 788 ὕστερον
688 695 771 790 μέγα
795 696 927 769 στένειν.
1263 719 1265 724 ,

593 801 791 868 ΜΗΛΕΙΑ.

68 938 73 945 1
183 903 252 991 φεῦ
276 902 355 991 φεῦ·

183 993 231 1069 ori
254 1003 318 1069 νῦν
342 1021 381 1087 με
407 999 548 1088 πρῶτον,
575 992 660 1067 άλλά
685 994 855 1084 πολλάκις,
881 995 1006 1090 Κρέον,
1039 994 1042 999 ’

182 1097 303 1190 ἔβλαψε
328 1092 410 1179 δόξα
434 1094 559 1189 μεγάλα
582 1094 610 1168 ’τ’
635 1098 800 1191 εἴργασται
823 1096 921 1168 κακά.

182 1195 247 1293 χρὴ
274 1194 304 1268 δ’
329 1193 454 1268 οὔποθ’
479 1191 567 1284 ὅςας
591 1194 759 1291 άρπίφροιν
782 1195 907 1290 πέφυκ’
928 1193 1013 1294 άνὴρ
1091 1223 1093 1226 ’

181 1301 304 1385 παῖδας
329 1301 494 1389 περισσῶς
517 1295 772 1370 ἐκδιδάσκεσθαι
796 1297 941 1392 σοφούς·
1129 1300 1205 1370 995
1266 1376 1269 1381 ,

109 1494 115 1505 ¹
182 1399 283 1491 χωρὶς
306 1394 368 1492 γάρ
394 1393 497 1493 άλλης
520 1387 565 1493 ἦς
588 1398 720 1490 ἔχουσιν
745 1396 861 1493 άργίας

183 1496 318 1592 φθόνον
341 1494 427 1591 πρὸς
451 1497 560 1570 άστοὶν
585 1497 777 1593 άλιράνανσι
801 1503 955 1594 διιςμενῆ.

251 1678 278 1714 v.
302 1662 361 1714 304.
405 1665 483 1713 Hune
523 1681 626 1715 versum
665 1665 764 1731 primus
798 1666 986 1716 Piersonns
1020 1660 1205 1714 verisimilium

183 1747 210 1795 p·
233 1730 275 1782 58.
294 1730 496 1795 suppositicinm
520 1748 578 1782 esso
602 1733 712 1798 putavit,
734 1733 807 1800 quod
829 1733 900 1782 inira
916 1750 941 1783 τ.
956 1731 1016 1782 808.
1036 1730 1131 1779 eadem
1148 1728 1206 1777 fere

182 1797 263 1848 verba
280 1807 473 1862 repeterentur,
492 1816 569 1864 quem
584 1800 669 1850 secuti
686 1812 746 1850 sunt
763 1803 957 1861 Porsonus,
974 1801 1006 1849 Δ.
1025 1796 1204 1857 Matthiae,

182 1863 384 1928 Elmsleius,
404 1866 605 1932 Dindorfii,
623 1866 667 1916 alii
686 1867 781 1918 critici.
815 1869 888 1917 Unus
907 1864 1027 1916 defendit
1051 1863 1204 1915 Firnha-

183 1930 287 2012 berna
306 1930 325 1981 l.
343 1933 362 1986 l.
380 1950 407 1998 p.
427 1933 476 1985 138
493 1951 551 2001 sqq.
569 1934 650 2000 idque
665 1935 818 1987 rectissime.
836 1935 904 1985 Nam
918 1945 946 1987 et
963 1932 1105 1983 scholiasta
1123 1947 1207 1996 agno·

183 2009 359 2051 emmenum
382 2010 410 2050 et
434 2018 524 2052 omnes
548 2002 610 2052 libri
626 2001 741 2054 habent.
776 2004 877 2053 Etenim
902 2002 975 2069 qnod
998 1999 1045 2050 ille
1068 2017 1160 2050 versus
1178 1998 1206 2048 in

184 2066 256 2118 libro
273 2067 355 2119 Paris.
371 2070 402 2119 A.
420 2085 474 2119 nou
498 2070 611 2137 scriptus
630 2080 670 2120 est
688 2072 738 2121 nisi
756 2072 783 2121 in
800 2072 926 2137 margine,
943 2069 971 2119 id
989 2068 1041 2118 iarn
1059 2067 1144 2118 critici
1162 2065 1206 2116 vi-

111 2199 113 2203 .
183 2135 280 2186 darunt
297 2145 440 2201 propterea
458 2136 558 2187 factum
578 2155 642 2199 esse,
659 2140 731 2206 quod
749 2139 816 2189 alter
832 2156 923 2189 versus
942 2137 974 2186 ab
993 2136 1090 2186 eisdem
1108 2133 1205 2184 litteris

182 2203 321 2282 inciperet,
341 2220 425 2269 eoque
443 2204 527 2255 minas
545 2207 625 2267 valet,
647 2207 721 2271 quod
738 2206 830 2256 eadem
848 2223 939 2255 manua
957 2202 1126 2271 reprehendit
1142 2218 1204 2251 ver-

183 2286 250 2336 sum,
273 2287 319 2335 qur
343 2272 454 2320 omissus
480 2282 544 2321 erat·
579 2274 620 2323 Ad
643 2274 798 2324 sententiam
825 2284 920 2337 autem,
939 2271 1038 2336 siquis
1057 2287 1112 2319 rem
1132 2279 1205 2318 recte
1267 2313 1269 2316 .

182 2362 445 2436 άααγγέλλονσάμοι
460 2381 500 2420 est
515 2371 669 2438 idemquod
720 2371 942 2422 etSohaefer.
960 2385 1001 2432 ap.
1021 2367 1153 2417 Iacobo.
1169 2367 1204 2416 ad
1276 2397 1278 2401 -

181 2433 257 2492 κλάει
271 2431 400 2502 ἀγγέλων.
719 2438 829 2490 Anthol.
848 2437 904 2488 Pal.
921 2453 949 2502 p.
970 2433 1052 2498 9791,
1076 2444 1103 2484 et
1122 2426 1206 2500 ἄλλης

215 2522 241 2556 v.
258 2504 318 2556 289.
337 2502 507 2572 φυλάξομαι]
529 2504 669 2556 ΔεεοΙιί-
719 2506 845 2571 abundat,
868 2515 899 2554 ut
921 2503 992 2588 apud
1020 2503 1204 2552 Platonem

182 2590 244 2624 nes
262 2573 346 2640 Epist.
365 2573 398 2638 V,
407 2573 432 2622 4.
443 2589 471 2656 p.
489 2573 548 2625 476.
574 2574 668 2625 Beth:
720 2575 801 2639 Gorg.
820 2575 845 2640 ρ.
863 2573 908 2624 64:
927 2565 984 2624 ιιπδ
1002 2573 1059 2624 τῶν
1082 2568 1206 2622 πολιτῶν

183 2635 273 2722 άρδρ
300 2637 353 2707 ἐγὼ
376 2642 481 2692 aanor
506 2637 669 2708 ἐδιδάχθην,
718 2641 840 2694 καὶτῶν
858 2634 949 2692 ἄλλων
966 2635 1060 2702 ξένων.

182 2724 274 2762 ταντα
291 2706 358 2776 πρὶν
370 2709 477 2760 παθεῖν
488 2706 669 2774 φυλάττεται,
752 2726 777 2758 r.
795 2709 855 2760 998.
873 2704 958 2759 καινά
975 2701 1085 2774 προςφέ
1103 2722 1142 2755 ων
1154 2718 1204 2755 σο-

182 2775 272 2848 σοφλρι
285 2774 333 2828 καλ
350 2773 403 2842 οὐχ
425 2768 515 2844 ὥςπερ
529 2774 557 2828 ol
574 2773 669 2844 άφρο-
719 2773 774 2842 pai]
793 2777 837 2824 Sic
848 2774 911 2824 libri
928 2783 956 2823 et
966 2783 1029 2825 vett.
1047 2722 1204 2822 eddomnes

185 2862 232 2908 m
247 2843 296 2898 ml
315 2862 333 2915 ᾳ
350 2841 560 2911 διδασκόμενος.
718 2851 824 2910 praeter
841 2843 919 2893 Lasc.
935 2840 1018 2890 Paris.
1031 2842 1058 2889 B.
1074 2840 1149 2888 Rom.
1162 2839 1202 2902 E.,

216 2929 242 2966 ν.
262 2861 322 2964 tsi.
354 2908 582 2979 ἐκδιδάσκεσθαι]
612 2911 668 2960 in·
718 2904 1205 2978 qnihabenti‘nnproaopoiddPor·

182 2980 407 3033 stituend'um
442 2997 564 3032 curare
598 2978 669 3045 (vid.
719 2994 789 3029 son.
806 2995 856 3044 pro
870 2977 969 3028 indicio
979 2973 1101 3042 'duplicis
1113 2990 1206 3023 reeen-

183 3050 307 3101 Heind.
324 3050 359 3099 ad
374 3050 441 3103 Plat.
457 3050 562 3115 Protag.
572 3065 597 3114 p.
608 3046 668 3100 5⁴17.
719 3045 800 3098 sionis
813 3045 915 3095 habuit.
928 3045 994 3096 Nam
1007 3059 1085 3111 qnam
1103 3040 1204 3107 Euripi·

183 3116 304 3167 Mutth.
325 3117 349 3180 δ.
381 3118 440 3167 499.
472 3118 528 3184 α),
553 3111 669 3181 σοφούς,
719 3109 1205 3182 despropterhanoipsamformulam

183 3177 566 3316 μζὲτμώσομοὲἑῦγένάσθαι,
598 3183 669 3233 conf.
720 3181 822 3298 dessps
837 3191 914 3297 οεεομ1
920 3180 951 3230 ab
964 3183 990 3298 Α1
994 3197 1027 3298 pp
1030 3176 1204 3298 pttrzprhapae

289 3283 340 3304 ..
455 3286 463 3300 .
669 3265 746 3298 -ιιι
805 3266 859 3299 esm
917 3284 962 3299 ..
1051 3261 1206 3296 εκαιοιι

218 3334 243 3368 v.
262 3318 322 3368 996.
343 3286 505 3368 Sent'entiam
529 3316 596 3366 bene
620 3332 670 3365 ex·
719 3312 773 3399 γάρ
785 3334 829 3369 τοι
840 3267 925 3368 added
937 3265 1106 3383 άιροςφὲρωκ
1118 3309 1205 3379 σοφά,

184 3386 282 3454 pressit
298 3383 484 3435 Matthiae:
503 3393 669 3448 praeter·
720 3385 825 3448 Μάτην
842 3379 1000 3444 άναλίσκοις
1018 3376 1072 3444 dv,
1089 3390 1204 3430 mutasse
1278 3434 1284 3447 .

185 3471 283 3522 qnam
298 3450 498 3519 enim,quod
516 3449 669 3500 inertiae
720 3468 780 3501 eum
803 3451 831 3500 iu
849 3451 971 3503 secundia
992 3451 1062 3500 ouria
1085 3442 1162 3515 σοφά
1176 3446 1204 3496 in

185 3517 536 3598 insimulantur,quip
552 3518 583 3599 ip
596 3518 669 3598 otio
719 3515 782 3599 ἔπη.
800 3519 831 3569 Id
843 3517 990 3596 qaodm‘ihi
1008 3515 1206 3596 nonrecteiu-

185 3588 554 3709 liihtihiigsslhsl
569 3602 670 3704 iili?
697 3584 1205 3720 .&Ehgftlliith‘hl‘ssz

187 3722 670 3791 dunt·MaleWyttenbaehius
721 3723 829 3783 leias,
847 3728 939 3786 potest
956 3718 1144 3785 Aristophanes
1162 3726 1205 3767 et·
1273 3754 1278 3761 .

186 3793 221 3844 ad
239 3794 295 3844 Eoi.
311 3793 373 3843 hist.
387 3810 414 3859 p.
427 3791 486 3842 998.
504 3791 575 3858 Lips.
597 3790 669 3840 etad
722 3791 771 3839 iarn
792 3787 872 3836 alium
887 3785 1019 3853 Euripidis
1040 3787 1128 3838 locum
1143 3793 1204 3836 ante
1282 3816 1287 3827 ·

186 3859 323 3912 Plutarch.
335 3862 412 3911 Tum.
428 3863 447 3910 1.
464 3876 489 3926 p.
498 3859 556 3911 418.
571 3855 590 3912 ά
607 3858 671 3925 μίαν
720 3854 813 3906 oculos
826 3854 957 3917 habuisse,
969 3863 1025 3904 tum
1036 3856 1112 3905 unius
1121 3869 1205 3904 voea-

185 3928 377 3996 iuterpretutur
396 3927 507 3978 otium
525 3943 669 3993 sapien·
720 3923 778 3974 buli
802 3922 947 3973 mutatione
968 3922 1013 3974 vix
1032 3921 1129 3973 derisio
1152 3921 1205 3971 ista

186 3997 253 4063 tis.
279 3988 303 4047 ’A
337 3995 384 4049 ίαν
407 3992 477 4062 ἔχειν
509 4005 550 4045 est
572 3989 672 4064 άργλας
720 3990 848 4042 declinari
860 4000 972 4057 poterat,
982 4007 1060 4056 quam
1073 4006 1106 4039 ne
1123 3987 1203 4039 credo
1266 4029 1269 4035 .

187 4062 284 4123 αἰτίαν
312 4081 372 4134 χειν
387 4063 597 4132 (viduetadv.
610 4061 670 4116 918.
720 4057 826 4128 quidem
861 4059 967 4111 omuino
993 4057 1146 4126 Euripidem
1166 4054 1204 4108 ita
