2610 4546
542 237 724 305 Mutuo

219 402 279 476 τὸν
302 403 337 474 ἐν
361 400 446 494 λέχει
470 396 639 492 τίροὸόταν
662 397 897 495 αααόννμφον·

219 507 397 575 θεοκλυτεῖ
419 496 450 571 d'
475 495 575 569 ἄδικα
598 503 765 571 παθοῦσα

219 600 280 675 τίν
307 597 418 697 Ζηνὸς
442 595 560 690 ὁρκίαν
588 597 710 690 Θέμιν,
735 595 759 670 il
782 626 836 673 νιν
859 599 974 694 φασιν

108 725 111 730 ’
215 699 347 772 Ἑλλάὸ’
371 699 405 787 ἐς
429 695 608 789 ἀντίπορον
1064 706 1141 777 210

220 799 263 874 δι’
287 797 352 872 ίίλα
374 796 493 892 νύχιον
516 793 569 892 ἐφ’
594 791 748 890 ἆλμυραίν

267 900 396 974 πόντου
418 894 514 992 αλῇιί
538 894 732 990 ιίαέραντον.
831 922 833 926 ·

530 1002 729 1069 ΜΗΛΕΙΑ.

116 1097 301 1193 Κορίνθιαι
324 1105 496 1194 γυναῖκες,
521 1095 664 1194 ἐξῆλθον
682 1095 819 1189 τλάμων,Ι

115 1197 163 1295 μή
184 1199 244 1291 μοί
264 1226 296 1270 τι
315 1195 507 1294 μέμφηοίί·
533 1193 608 1270 olda
629 1194 693 1293 γὰρ
714 1192 863 1284 πολλοὺς
884 1203 1013 1292 βροτῶν
1063 1206 1138 1277 215

112 1295 259 1390 ’σεμνοὺς
281 1304 440 1392 μεγῶτας,
463 1295 546 1385 τούς
570 1299 629 1390 μὲν
654 1294 808 1387 ὀμμάτων
833 1293 911 1385 ίίτο,

114 1393 251 1485 τούριί
275 1398 310 1470 ἐν
331 1393 510 1491 θυραίοις·
536 1396 570 1467 ol
593 1393 624 1468 (δ’
648 1393 708 1490 ἀφ’
732 1393 869 1493 ἡσύχου
892 1394 1002 1488 αοδὸς

113 1495 290 1588 ndentes
314 1495 491 1596 ἐκτήσαντο
514 1494 778 1596 ιιαίρμθυμίαν.

182 1727 207 1762 v.
225 1711 286 1761 215.
319 1698 476 1778 μίμᾷιησθἸ
510 1709 553 1759 Sic
571 1708 634 1758 libri
651 1707 782 1775 plerique,
800 1706 837 1759 cf.
854 1706 946 1757 liost.
971 1705 995 1771 ᾗ.
1015 1707 1136 1759 122111.

115 1778 158 1839 ll,
175 1779 201 1829 2.
215 1779 303 1845 poss
315 1795 371 1844 seq.
387 1778 430 1831 ed.
441 1779 487 1828 VJ.
505 1776 710 1836 Elmsleius‚
727 1779 759 1827 A.
776 1772 956 1837 Matthiae,
974 1773 1135 1829 Dinuort.

112 1863 144 1896 ex
160 1845 222 1898 Ald.
241 1857 269 1896 et
286 1846 454 1915 paucioribus
470 1845 546 1896 libris
562 1843 715 1911 μέμνησθ’.

112 1985 153 2028 Ae
173 1975 292 2044 τεμνοίς
314 1974 437 2043 reparas
454 1977 481 2027 in
504 1977 600 2027 malum
651 1972 794 2042 sepopulo
810 1972 961 2036 dedissent,
977 1984 1077 2026 utnon
1091 1976 1135 2026 ri-

43 2042 46 2047 ’
86 2045 289 2111 ,partemdici
310 2044 361 2093 iam
389 2054 490 2094 veteres
511 2061 598 2110 gram·
649 2054 693 2094 tae
714 2042 782 2092 ratio
805 2041 862 2090 istis
885 2039 1034 2091 hominibus
1057 2044 1135 2093 istam

112 2112 202 2161 matici
220 2111 423 2175 intellexerunt,
441 2127 493 2177 qua
519 2112 553 2160 de
570 2128 599 2161 re
649 2108 881 2174 reprehensionem
897 2107 1025 2170 attulerit,
1037 2111 1085 2160 sed
1096 2110 1135 2161 ti-

111 2189 215 2244 praeter
231 2178 400 2228 scholiastam
414 2179 449 2228 ad
463 2179 490 2227 h.
504 2178 522 2226 l.
536 2194 600 2227 con·
649 2177 714 2226 bido
729 2174 821 2241 populi
831 2183 910 2240 atque
923 2175 1075 2225 inconstans
1090 2177 1134 2227 iu-

111 2244 598 2312 ferripoteritPhotiusetSuidas
650 2243 747 2293 dicium
765 2241 952 2293 multitudinis.
992 2244 1134 2311 Atque'ita

110 2331 133 2366 s.
142 2330 168 2362 v.
180 2311 287 2377 σεμνός.
311 2313 465 2363 Laudarunt
480 2313 557 2362 etiam
570 2313 597 2363 in
648 2311 726 2360 etiarn
738 2309 787 2360 illa
795 2309 888 2361 verba:
903 2305 971 2370 τούς
982 2307 1135 2379 μίνόμμοί-

110 2397 167 2430 eam
183 2397 238 2431 rem
256 2380 433 2446 Euripidis
457 2380 596 2447 Hippolyti
645 2397 703 2432 τιατ
719 2373 792 2440 duo,
816 2372 884 2438 τοὺς
901 2376 926 2430 δ’
943 2375 973 2431 ἐν
991 2381 1133 2449 θυραίοις,

97 2465 134 2499 r.
150 2448 198 2499 92:
224 2451 314 2515 μισεῖν
333 2444 366 2501 ti
383 2445 484 2514 σεμνὸν
502 2443 595 2500 auleti
645 2463 678 2497 eo
701 2446 799 2508 modo,
823 2462 900 2511 quem
918 2457 945 2496 et
963 2450 1132 2512 grammatica

107 2511 146 2582 μὴ
166 2515 253 2567 πᾶσιν
272 2517 363 2581 φίλον.
400 2515 519 2582 [inquirit
539 2533 595 2564 earn
645 2514 713 2564 ratio
729 2513 811 2563 totius
826 2512 928 2579 periodi
941 2525 967 2564 et
980 2515 1060 2565 verba
1072 2515 1131 2583 ipsa

109 2584 161 2633 vim
176 2583 252 2633 etiam
272 2593 330 2633 tota
350 2583 478 2632 sententia
493 2581 520 2632 h.
534 2582 554 2631 l.
569 2593 596 2633 et
644 2581 795 2648 requirunt,
818 2580 991 2646 explicantur,
1013 2582 1042 2631 id
1058 2582 1131 2648 qnod

110 2649 284 2715 oppositionis
297 2649 372 2700 ratio.
398 2650 464 2700 Num
478 2649 505 2698 in
520 2667 594 2715 seqq.
643 2648 694 2697 iarn
708 2646 866 2697 scholiastae
881 2646 954 2699 adh.
969 2648 988 2700 l.
1002 2660 1073 2699 recte
1086 2649 1132 2699 iu·

107 2727 197 2783 aperte
214 2717 247 2767 de
268 2717 473 2785 reprehensione
492 2717 594 2782 signifi·
644 2716 814 2766 tellexerunt.
830 2716 927 2765 Contra
938 2732 1022 2783 nuper
1034 2717 1130 2768 Seid·

108 2794 190 2837 catur.
225 2786 382 2850 Itaqueiam
395 2783 593 2835 hoodicitMe-
642 2782 714 2834 leri
739 2783 823 2848 ratio²
848 2783 1000 2849 quivertit:
1039 2786 1131 2838 Novi

12 2866 17 2871 ·
107 2852 591 2919 dea:iiomiuesapopulopartim
641 2849 1129 2916 multoshominesausteros‚

107 2919 591 2984 nimiumseverosnimiumqueau·
642 2919 741 2968 alios
782 2935 865 2981 quos
896 2918 1128 2982 ipseoculis

51 2990 52 2995 ’
106 2996 201 3052 steros,
220 2987 314 3052 partim
336 2986 592 3036 nimiumlevesni-
642 2983 1129 3050 meisvidi‚alios‚dequibus

105 3054 236 3118 miumque
273 3055 452 3109 inconstantes
485 3050 591 3101 habitos
642 3048 771 3112 audivi,
799 3049 869 3099 etin
887 3066 942 3098 reru
960 3068 1032 3101 suam
1051 3069 1127 3103 com-

106 3136 162 3168 esse
175 3130 255 3183 utque
269 3128 407 3183 utrumque
420 3117 466 3179 ita,
479 3117 593 3168 utnulla
641 3115 758 3182 paravit,
773 3134 844 3184 quae
859 3116 944 3166 aliena
956 3129 1017 3168 sunt
1030 3120 1062 3169 ab
1075 3121 1127 3172 lroo

95 3185 163 3237 ,eius
176 3184 214 3233 rei
226 3184 296 3234 iusta
317 3200 394 3234 causa
408 3182 519 3234 inveniri
530 3203 591 3251 pos·
640 3184 712 3248 loco,
722 3182 875 3268 Aeschpl.
885 3187 1040 3251 sgamsst:
1053 3185 1130 3244 Htti‹

106 3262 155 3302 set.
171 3252 230 3301 Hoc
244 3260 405 3317 postremum
415 3251 518 3300 duobus
530 3270 591 3303 mo·
641 3253 730 3319 θομαι
754 3253 779 3304 δ’
797 3246 837 3304 α’τι
864 3249 1000 3320 ίμμιίτων,
1016 3251 1127 3324 νόστον,

104 3320 145 3371 dis
166 3318 288 3386 explicat.
325 3320 358 3368 Et
378 3320 405 3369 iu
422 3318 508 3369 altero
529 3320 591 3386 qui·
641 3313 752 3388 τιν’τιίμα
769 3313 1126 3389 τυςῶν.εῑὸομίιοο1ῐι

104 3387 164 3439 dem
190 3387 308 3438 membro
339 3387 405 3438 dicit
436 3387 591 3454 simpliciter
641 3389 706 3439 Oed.
721 3339 815 3439 Goion.
832 3389 879 3441 14:
899 3387 1003 3458 τιν’ρμοι
1019 3390 1079 3458 μέν,
1097 3390 1127 3445 οἳ

104 3451 156 3523 ἐφ’
165 3451 271 3522 ἡσύχου
283 3450 380 3515 ποδός,
394 3455 411 3505 i.
419 3471 442 3504 e·
453 3472 531 3520 quum
547 3455 590 3507 illi
639 3451 722 3509 πόλιν
735 3456 893 3523 tripondes,
908 3454 946 3516 uie
962 3452 1011 3509 ἅττ’
1035 3454 1126 3524 ὀμμά-

103 3523 192 3589 quiete
204 3523 291 3572 omnia
312 3532 419 3588 agerent
438 3539 469 3572 ac
489 3523 589 3574 nullam
639 3520 868 3594 των,προόω,ἰίίιι
880 3524 1126 3590 quidemartilicio·

10 3643 14 3649 ,
103 3590 303 3656 vituperationis
321 3591 395 3656 quasi
406 3605 495 3640 ansam
510 3608 589 3655 prae·
639 3609 668 3642 sa
693 3593 772 3658 magis
812 3609 870 3641 uam
890 3609 967 3653 vera,
992 3610 1124 3642 commen-

101 3657 211 3718 beoeut,
234 3657 315 3723 idque
336 3675 391 3709 non
412 3659 588 3709 necessarium
639 3660 700 3710 data
721 3662 782 3710 aG.
830 3676 987 3710 ermanno
1005 3670 1031 3709 et
1047 3677 1124 3710 com-

101 3735 144 3777 est
166 3726 199 3775 ad
218 3725 409 3789 explicandum.
451 3727 481 3775 lu
498 3726 588 3794 priore
637 3726 750 3792 probata
763 3746 777 3779 a
790 3727 930 3792 Piluglri
939 3744 955 3776 o
969 3727 1030 3791 fnit,
1045 3745 1123 3794 quam

101 3803 187 3845 autem
205 3792 322 3843 membro
335 3810 367 3844 eo
392 3793 478 3844 elevat
492 3795 588 3846 Medea
637 3796 778 3862 proposita
797 3813 856 3845 vera
874 3795 930 3844 loci
947 3795 1123 3862 explicatione

101 3861 237 3912 veritatem
248 3859 321 3910 illius
333 3861 434 3923 iudicii,
452 3863 525 3929 quod
542 3863 588 3914 di·
637 3880 691 3914 uon
706 3880 772 3930 opus
784 3873 824 3912 est
841 3879 856 3911 a
875 3880 916 3913 me
929 3863 1024 3914 refelli.
1043 3864 1073 3916 li.
1086 3865 1121 3916 K.
1221 3904 1224 3913 ,

101 3929 139 3979 cit
160 3946 205 3979 eos
225 3929 323 3997 pariter
339 3927 445 3980 habitos
466 3946 523 3981 esse
541 3932 587 3982 ni·
671 3949 696 3982 r.
710 3930 770 3983 218,
796 3930 943 4002 ῥαθυμίαν
963 3928 1123 3999 κτήσασθαι

28 4030 29 4034 =
100 3996 179 4047 mium
201 4013 324 4058 severos,
341 4005 369 4046 et
389 3997 434 4063 qui
449 3997 482 4047 ab
499 3999 584 4050 oculis
637 4008 678 4048 est
693 3998 789 4054 αἰτίαν
804 3984 876 4067 ἔχειν
899 3999 1049 4072 ῥᾳθυμίας.
1084 4002 1122 4052 Ex

83 4064 233 4147 'hominurn
247 4083 275 4117 se
301 4063 475 4116 removissent
495 4070 588 4136 etqui
634 4065 703 4120 locis
723 4068 755 4120 ab
776 4067 945 4195 Elmslsetl⁰
963 4069 1122 4139 comparatis
