2610 4546
211 265 255 327 89
595 266 853 330 EURll’lDlS

214 421 335 497 λεπτόν
358 450 392 496 τε
416 421 545 497 πέπλον
560 424 624 496 καὶ
648 424 776 498 πλόκον
799 426 1020 524 χρυσήλατον·
1105 487 1113 499 .

214 521 341 619 κᾶνπερ
365 529 518 617 λαβοῦσα
541 524 670 618 κόσμον
694 524 830 620 όμφιθή
853 532 937 622 χροΐ,
1043 581 1046 584 -

214 632 328 713 κακοῖς
351 622 472 697 όλεῖται
496 632 564 713 πᾶς
587 623 623 697 θ’
649 623 688 714 ὃς
712 625 754 699 δν
777 629 859 722 θίγῃ
883 629 996 731 κόμης·

159 783 161 787 ,
214 730 354 814 τοιοΐςδε
377 728 480 820 χρίσω
505 725 696 820 φαρμάκοις
716 727 903 824 δωρήματα.

139 861 141 865 ’
193 827 360 898 ’ἐνταῦθα
386 827 496 920 μέντοι
520 824 609 899 τόνδ’
633 825 836 899 είπαλλάσσω
860 828 969 926 λόγον·
1161 842 1240 914 790

213 924 333 1028 ήίμωξα
356 924 387 998 δ’
411 923 485 998 οἷον
506 925 602 1022 ἔργον
625 926 688 998 ἔστ’
713 929 886 1024 ἐργαστέον

213 1025 417 1100 τούντεῦθεν
440 1024 530 1122 ἡμῖν·
555 1026 653 1099 τέκνα
676 1025 741 1122 γὰρ
765 1039 950 1104 κατακτενῶ

213 1125 299 1220 τᾶμ’·
324 1123 419 1216 οὔτις
442 1128 529 1201 ἔσταν
553 1124 640 1216 ὅςτις
664 1127 875 1226 ἐξαιρήσεται·

215 1227 321 1322 δόμον
343 1254 378 1300 τε
401 1227 509 1300 πάντα
534 1227 688 1323 συγχίασ
712 1229 860 1318 Ἰάσονος

213 1326 310 1422 ἔξειμι
334 1329 440 1423 γαίας,
466 1329 632 1424 φιλτάτων
657 1332 785 1402 παίδων
809 1330 918 1426 φόνον
1160 1342 1237 1412 795

212 1427 390 1525 φεύγουσα
413 1430 470 1501 καλ
494 1428 586 1502 τλᾶο)
610 1431 705 1525 ἔργον
730 1429 960 1504 όνοσιοίτατον.

213 1526 345 1626 οὐγὰρ
369 1537 531 1625 γελᾶσθαι
554 1530 673 1627 τλητὸν
697 1527 733 1614 ἐξ
755 1533 893 1626 ἐχθρῶν,
907 1533 1025 1626 φίλαι.

213 1631 280 1702 ἴτω·
305 1631 338 1701 τί
361 1657 418 1722 μοι
444 1635 505 1727 ζήν
549 1631 664 1724 ίρδος,·
689 1627 767 1704 οὔτε
792 1659 850 1724 μοι
873 1634 992 1726 πατρίς

214 1726 287 1802 οὖν)
311 1724 403 1818 οἶκος
427 1730 513 1803 ἔστιν
536 1729 620 1803 οὔτ’·
633 1730 832 1827 ἀποστροφή
857 1740 978 1804 κακῶν.

212 1825 402 1926 ἡμάρτανον
423 1828 508 1918 τόθ’,
533 1828 621 1926 ἡνίκ’
646 1829 856 1924 ἐξελίμπανον
1158 1839 1235 1921 800

213 1929 341 2024 δόμους
364 1930 553 2033 πατρῴους,
580 1929 703 2025 ἀνδρὸς
726 1929 892 2029 Ἕλληνος
915 1930 1027 2028 λόγοις

140 2028 382 2143 βπεισθεῖο),
409 2027 448 2119 ὃς
471 2029 551 2129 ήμῐν
575 2029 642 2105 σόν
660 2040 732 2132 θεῷ
755 2033 839 2106 τίσει
864 2033 969 2129 δίκην.

120 2139 126 2145 ’
211 2128 284 2205 οὔτ’
309 2129 344 2218 ἐξ
365 2131 448 2225 ἐμοῦ
469 2129 532 2228 γὰρ
556 2138 680 2222 παῖδας
705 2132 824 2221 doceat
845 2155 925 2206 ποτε

96 2283 101 2290 -
211 2236 336 2322 ζῶντας
359 2229 542 2306 τδλοιπόν
567 2231 645 2306 οὔτε
670 2241 731 2330 τής
754 2233 920 2328 νεοζιίγου

277 2435 302 2468 v.
321 2419 380 2470 786.
404 2415 506 2472 λεπτόν
520 2436 550 2472 τι
560 2418 667 2473 πέπλον
683 2418 750 2487 κτλ]
769 2421 845 2469 Hunc
859 2433 971 2477 versum,
991 2416 1041 2466 etsi
1055 2417 1124 2468 inira
1134 2436 1158 2469 v.
1171 2419 1231 2473 949.

208 2485 349 2567 repetitur,
372 2487 459 2537 omitti
483 2503 537 2537 non
561 2505 642 2554 posse
664 2489 715 2537 iam
739 2487 929 2538 intellexerunt
952 2486 1119 2551 interpretes.
1145 2488 1231 2540 Nemo

209 2571 287 2620 eorm,
310 2554 332 2604 si
357 2555 468 2605 omissus
492 2565 572 2621 esset,
597 2567 690 2624 posset
707 2557 855 2622 intelligere
879 2553 1030 2620 sequeutia:
1056 2551 1162 2625 κᾶνπερ
1179 2558 1232 2607 λα-

208 2622 299 2704 βοῦσα
322 2617 426 2690 κόσμον
451 2617 567 2693 αἱμφιδῇ
588 2622 658 2693 χροΐ.
701 2625 780 2684 Quod
803 2632 889 2674 autem
913 2621 984 2672 infra
1008 2639 1098 2672 rursus
1121 2624 1233 2689 ponitur

208 2690 280 2740 idem
297 2707 395 2755 versus,
413 2691 443 2740 id
461 2691 562 2740 nullam
579 2692 661 2742 habet
678 2690 861 2741 offensionem.
896 2689 963 2739 Nam
980 2707 1060 2756 quum
1078 2691 1170 2740 eadem
1187 2708 1230 2742 rea

208 2756 315 2808 dicatur
331 2757 441 2807 diversis
459 2758 593 2825 personis,
639 2775 703 2808 aene
721 2775 830 2808 necesse
848 2767 904 2807 erat
928 2759 992 2822 poni
1010 2757 1088 2805 etiam
1105 2757 1132 2806 in
1152 2774 1231 2808 causa

206 2840 259 2875 una
280 2841 311 2875 ao
333 2824 446 2893 simplici
463 2825 554 2875 eadem
577 2777 664 2877 reia.
699 2831 738 2876 Ac
756 2842 833 2875 nemo
859 2825 975 2874 Graecus
1000 2823 1091 2890 epicae
1115 2840 1229 2890 poeseos

206 2940 328 2992 beretur:
350 2938 448 3010 νόμφῃ
460 2935 607 3010 (vipereae,
618 2931 708 3011 δῆθεν
741 2942 802 2994 dein
811 2940 903 2992 abalio
915 2940 1022 2991 librario
1030 2940 1189 3008 inmargiue,
1197 2942 1230 2992 ab
1287 2969 1290 2974 ·

204 3007 244 3078 μή
265 3007 381 3078 φεύγειν
399 3007 511 3078 ydriam
536 3010 598 3062 vida
623 3028 690 3078 quse
741 3011 795 3062 alio
808 3010 957 3076 posteriore
975 3008 1038 3058 loeo
1054 3010 1172 3060 adiectus
1184 3027 1230 3059 es·

205 3077 338 3142 disputavi
357 3078 391 3127 ad
418 3077 558 3127 Devariam
579 3078 640 3130 Vol.
659 3080 691 3131 11.
742 3097 770 3130 se
781 3079 916 3128 rideatur:
934 3077 1007 3145 quod
1019 3088 1059 3128 est
1079 3077 1230 3128 etiamaliia

204 3160 232 3210 p.
247 3144 306 3194 434.
326 3144 400 3194 etde
416 3145 503 3194 forme
517 3145 623 3211 quidem
638 3146 692 3212 δή·
735 3147 769 3196 ‘in
784 3146 981 3208 loculentam,
1000 3145 1046 3195 ubi
1060 3146 1132 3196 nulla
1144 3147 1230 3195 inter-

205 3211 243 3264 θε
260 3228 288 3277 p.
302 3211 353 3263 4³5
370 3227 410 3290 sp.
452 3211 505 3260 Sed
530 3223 617 3264 tamen
641 3213 692 3264 ista
741 3214 887 3280 polationis
902 3213 1019 3278 suspicio
1033 3222 1082 3262 est.
1113 3213 1154 3260 Ne
1187 3211 1228 3260 uis

205 3278 314 3344 antiqua
336 3287 490 3329 comestura
512 3280 589 3330 nullo
610 3281 691 3331 modo
740 3291 828 3333 autem
849 3281 911 3331 libri
936 3280 1017 3330 Paris.
1038 3284 1069 3328 Α.
1090 3277 1118 3324 iu
1138 3229 1229 3324 collo-

205 3345 432 3465 titillet?
448 3346 692 3480 liltttttili
742 3351 833 3467 ‘2¹:22³
849 3344 1228 3464 {illitt‘0itsstttltz

204 3481 310 3532 minime
333 3481 404 3532 celat
425 3481 568 3533 auditores.
613 3484 692 3545 Quod
741 3435 882 3547 itimonio,
910 3494 995 3544 noque
1018 3476 1086 3526 adeo
1109 3487 1227 3544 praestat

204 3557 290 3601 autem
302 3549 372 3600 hunc
385 3565 490 3600 versum
501 3550 571 3611 785„
588 3552 650 3618 quia
663 3551 691 3601 in
740 3552 789 3602 ills
805 3551 874 3601 liber
896 3557 933 3611 et,
949 3545 999 3594 nisi
1018 3561 1109 3595 errore
1127 3545 1227 3597 factum

203 3616 274 3669 libro
293 3617 375 3668 Paris.
388 3621 418 3666 Δ.
437 3626 501 3698 post
517 3635 543 3668 τ.
560 3619 619 3670 786.
644 3636 691 3669 re·
741 3630 795 3684 est,
812 3622 936 3683 poterant
947 3612 1084 3679 transponi
1099 3613 1180 3664 verba
1192 3613 1227 3663 ad

132 3742 134 3746 Α
203 3683 307 3748 ficitur,
324 3683 605 3746 inliarmensiautam
618 3686 689 3738 libro
740 3680 938 3737 similitudinem
958 3696 1065 3742 eorum,
1090 3699 1156 3748 quae
1181 3682 1227 3731 in-

204 3751 237 3800 ab
254 3753 337 3802 altera
357 3753 462 3803 demam
479 3754 602 3804 manain
617 3771 689 3805 mar-
739 3754 781 3803 fra
794 3751 918 3814 leguntur
935 3763 960 3797 v.
973 3747 1024 3800 949
1039 3766 1095 3815 seq.
1131 3749 1227 3816 Aptior

220 3818 262 3868 'ne
284 3819 392 3871 additus
409 3830 463 3884 est,
486 3822 701 3902 suppositioium·
738 3819 808 3871 onim
826 3816 874 3866 illa
895 3832 985 3866 versus
1005 3817 1082 3867 sedes
1101 3833 1155 3867 nou
1174 3826 1225 3868 ast.

222 3884 350 3937 abuerunt
365 3888 462 3952 critici,
479 3887 542 3939 hmo
555 3888 690 3955 suspicio·
739 3888 770 3938 Il.
781 3885 816 3936 K.

202 3951 230 4001 ni
248 3961 275 4002 et
291 3953 388 4019 reliqui
405 3954 469 4006 libri
481 3966 509 4006 et
529 3956 690 4007 scholiastae
772 3971 798 4005 v.
819 3951 878 4004 793.
912 3952 1019 4005 Heraol.
1039 3951 1105 4002 976:
1122 3950 1226 4004 sotim

117 4084 120 4091 Ι
202 4020 346 4071 auctoritas
376 4021 439 4072 satis
468 4031 630 4090 repugnant,
660 4031 690 4073 ut
736 4018 774 4087 δ’,
791 4019 904 4093 ἐπείπερ
917 4025 1011 4092 χεῖρας
1026 4011 1114 4087 ἦλθεν
1131 4018 1172 4081 εἰς
1193 4017 1225 4072 ἐ-

201 4103 264 4140 caaa
280 4103 314 4140 ex
333 4087 442 4157 antiquo
458 4089 531 4144 libro
550 4089 691 4160 excidisse,
737 4089 808 4162 μός,
839 4086 902 4147 Oris
928 4088 986 4144 iou
1003 4087 1120 4157 θνητῶν
1149 4084 1225 4152 ὅστις
