2610 4546
583 260 836 324 uusttrtms
898 205 909 221 *

283 420 460 517 καρδίαις
485 417 594 514 λήψει,

282 517 393 609 δεινὰν
416 519 631 614 κροςάγουσα
655 516 801 611 τόλμαν,·

280 625 351 706 πῶς
377 616 407 690 d'
431 616 560 711 ὄμματα
584 625 819 712 κροςβαλοῦσα

282 720 408 807 τέκνοις
432 718 583 814 ἄδακρυν
606 729 725 811 μοῖραν

219 841 222 847 ’
283 819 418 916 σχήσεις
442 821 575 914 φόνους
598 817 643 891 οὕ
668 823 815 912 δυνάσει,

284 923 413 1005 παίδων
438 923 545 993 icardo
568 919 760 1011 πιτνόντων,

283 1019 389 1115 τέγξαι
412 1023 491 1115 χέρα
516 1021 652 1115 φοινίαν

284 1120 460 1216 εὐτλήμονι
483 1127 595 1222 θυμῷ.

223 1284 227 1289 .
615 1223 778 1291 [AERN.

182 1320 253 1421 ήκω
277 1311 485 1410 κελευσθείς·
520 1323 577 1392 καὶ
600 1317 663 1417 γάρ
689 1310 779 1393 οὖσα
805 1320 967 1420 δοςμινής

251 1571 276 1604 v.
294 1553 451 1605 eto-862.
477 1554 689 1605 Hermannus
706 1554 833 1620 praefert:
852 1554 912 1615 πῶς
930 1549 1127 1626 δ’-άδακρνν
1135 1563 1202 1623 μοῖ-

184 1639 237 1691 ραν
259 1619 367 1688 σχήσεις
391 1618 519 1703 φόνονὶ
544 1624 633 1689 quod,
658 1632 686 1672 ut
703 1623 758 1688 ipse
776 1622 825 1686 ait,
844 1621 913 1671 idem
932 1632 972 1672 est
989 1641 1020 1673 ao
1038 1625 1060 1673 ai
1078 1622 1207 1677 dixisset?

184 1690 245 1750 πῶς
262 1684 354 1753 άνὲξει
369 1688 407 1757 μή
425 1689 603 1756 δακρυοντας
627 1691 694 1740 Vide
711 1709 736 1756 p.
756 1688 816 1740 379.
836 1690 879 1738 ed.
900 1692 973 1754 Lips.
992 1701 1030 1749 et,
1054 1709 1120 1756 quos
1138 1695 1202 1747 lau*

184 1759 236 1822 dat,
255 1759 396 1817 Poraon.
416 1758 450 1807 ad
468 1759 566 1810 Phoen.
581 1759 641 1809 300.
662 1757 766 1806 Seidl.
786 1757 819 1806 ad
837 1757 919 1822 Iphig.
930 1757 961 1807 Τ.
979 1759 1053 1809 1061.
1067 1761 1100 1811 ad
1114 1762 1200 1829 Viger.

183 1842 211 1932 d·
230 1824 342 1943 893'864
361 1908 414 1957 seq.
449 1892 568 1941 Turbant
584 1890 628 1940 hic
644 1891 715 1953 libri,
742 1890 801 1950 alii,
818 1897 847 1939 ut
864 1892 938 1941 Rom.
957 1894 1024 1943 A.B.
1034 1894 1061 1943 C.
1071 1895 1103 1946 D.
1128 1895 1201 1950 Flor.

184 1961 287 2053 idid.
307 1958 404 2045 H'avu.³
426 1959 523 2040 habent
539 1962 627 2028 χεῖρα,
647 1958 836 2024 ulii'poivtov¹
856 1955 970 2026 φόνιον,
989 1963 1118 2027 φοινίαν,
1139 1965 1201 2028 plu·

182 2045 246 2146 m
264 2027 896 2162 proterritumturrita.
905 2029 983 2147 11..
992 2030 1038 2147 δ·
1048 2032 1107 2148 ii.
1118 2032 1201 2150 itt:

183 2165 286 2282 fidkc.
310 2163 383 2215 Flor.
402 2165 428 2215 2.
448 2164 489 2216 10.
509 2166 549 2216 15.
575 2165 659 2214 Havn.
695 2163 762 2213 Vide
786 2162 819 2212 ad
844 2181 947 2214 versum
964 2165 1199 2232 strophicumfidd.

180 2381 235 2433 τοῦ
253 2375 398 2444 κατάτήν
421 2376 525 2443 σαντής
547 2377 665 2445 καρδίαν
714 2376 825 2426 dicitur:
853 2374 911 2429 ἀλλ’
932 2374 965 2430 εἷ’
983 2375 1111 2444 ὁπλίζου,
1129 2399 1198 2449 καρ-

78 2484 80 2489 -
180 2440 666 2513 καὶτὸνλογισμόνπροςίήψῃ,σχή-
714 2445 771 2497 δία.
803 2445 859 2494 Nec
874 2445 951 2495 aliter
965 2446 1063 2496 dicitur
1076 2465 1099 2498 v.
1117 2449 1197 2499 1042:

180 2533 245 2576 σεις.
278 2518 315 2564 Ac
337 2513 401 2564 mihi
419 2514 524 2580 quidem
537 2515 664 2564 librorum
712 2513 816 2582 καρδία
828 2509 881 2582 γάρ
893 2513 1012 2580 οἴχεται,
1032 2515 1081 2565 nisi
1093 2515 1125 2564 de
1138 2516 1199 2566 for-

180 2585 311 2649 acriptura
352 2581 528 2647 explicatione
575 2582 664 2646 potius
712 2582 826 2632 titudine
845 2593 958 2636 externa.
995 2583 1126 2633 Habemus
1144 2584 1199 2648 igi-

180 2668 256 2718 quam
275 2650 440 2700 correctione
460 2665 535 2714 egere
551 2649 663 2700 videtur.
713 2657 758 2698 tur
775 2650 855 2699 talem
878 2651 1089 2713 distinctionem,
1112 2652 1199 2717 qualis

180 2719 293 2770 Primum
320 2717 388 2764 enim
413 2726 522 2780 apparet
549 2716 664 2782 priorem
715 2726 755 2766 est
774 2718 845 2781 apud
864 2719 1039 2768 Homerum
1057 2718 1084 2767 in
1103 2719 1199 2783 Odyss.

181 2786 254 2838 vocis
269 2795 384 2848 purtem:
408 2779 500 2834 πάθεν
519 2775 665 2850 θράσοςή
714 2784 760 2833 lib.
781 2785 823 2834 VI.
849 2801 873 2833 v.
901 2784 949 2834 189
972 2802 1042 2850 seq.:
1083 2785 1125 2854 Τῇ
1146 2781 1199 2852 γάρ

181 2850 300 2923 φρενός,
317 2851 449 2918 pertinere
463 2851 496 2901 ad
511 2850 605 2901 mentis
618 2850 664 2898 iu·
712 2843 813 2916 Ἀθήνη
834 2849 943 2918 Θάρσος
962 2847 1003 2903 ἐνί
1020 2849 1100 2920 φρεσὶ
1118 2852 1199 2918 θῆκε,

180 2923 258 2973 timae
273 2920 421 2983 audaciam,
445 2916 665 2985 quemadmodum
713 2916 761 2970 καὶ
786 2913 816 2970 ἐκ
840 2918 902 2979 δέος
926 2918 1012 2973 εἴδετο
1036 2920 1131 2986 γυίων.
1172 2920 1199 2969 si

181 3000 209 3040 et
228 2987 424 3056 Sophoclea
449 2987 517 3038 dixit
541 2987 568 3036 in
584 2986 664 3036 Aiace
715 2996 824 3053 quaerat
839 2988 981 3054 quispiam,
1006 3005 1053 3038 cur
1071 2988 1138 3038 hanc
1155 2987 1199 3037 di-

180 3075 204 3109 v.
228 3057 274 3109 46:
307 3055 416 3108 κοίαισι
436 3051 553 3121 τόλμαις
571 3055 666 3115 ταῖςδο
716 3055 884 3106 otiuctionem
903 3073 958 3107 nou
977 3056 1200 3120 adiuveritpoeta

181 3122 383 3192 καὶφρεκοῖκ
399 3119 547 3190 δράσεις
564 3133 590 3171 et
605 3133 665 3173 aute
716 3140 765 3185 eo,
789 3133 832 3190 ut,
857 3142 937 3190 quum
955 3120 1058 3194 φρενός
1081 3123 1200 3190 dixisset,

182 3191 343 3258 Sophoclem
356 3192 527 3241 Homerus:
544 3188 585 3242 ἐνὶ
597 3208 667 3260 φρι-
716 3190 794 3241 etiam
809 3189 900 3261 χειρὸς
915 3190 971 3245 uti.
991 3193 1100 3255 diceret,
1119 3193 1142 3240 ei
1157 3191 1201 3240 fa·

182 3258 209 3314 oi
225 3255 333 3326 θάρσος
350 3255 443 3324 ἔθηκε.
484 3258 584 3307 Situm
621 3278 667 3310 er·
715 3257 766 3309 cile
777 3262 931 3327 responderi
942 3269 1038 3327 potest.
1057 3260 1122 3306 Nam
1134 3273 1200 3320 poe-

180 3328 220 3395 git
232 3337 327 3394 poeta:
351 3276 667 3395 dzarpicduvoevcddsv
714 3337 743 3378 ta
763 3327 809 3377 ubi
833 3328 905 3378 venit
926 3328 960 3377 ad
981 3327 1092 3375 alterum
1114 3339 1200 3371 mem-

181 3395 286 3466 καρδίᾳ
301 3412 333 3448 τε
357 3390 455 3460 λήψει,
474 3393 554 3444 facile
576 3394 666 3446 doceri
715 3396 807 3456 hrum,
831 3396 898 3445 aliua
918 3391 1036 3460 genitivi,
1055 3406 1131 3454 quem
1144 3400 1200 3440 erat

181 3474 272 3532 potest
295 3464 429 3532 pertinere
445 3463 498 3514 hoc
524 3463 558 3512 ud
576 3474 665 3513 exter·
719 3463 902 3526 adiuncturus,
920 3463 945 3512 ei
957 3461 984 3510 in
995 3467 1108 3506 mentem
1121 3459 1199 3524 venit,

181 3549 241 3584 uam
255 3533 296 3583 vel
319 3533 402 3583 dicam
417 3532 536 3598 corporis
554 3530 666 3582 fortitu-
718 3543 745 3584 et
756 3531 828 3598 quod
839 3530 926 3598 potuit
938 3527 973 3578 ad
980 3522 1088 3593 θράσος
1097 3526 1199 3587 referri,

183 3601 279 3651 dinem.
313 3602 344 3650 Id
363 3600 432 3651 enim
450 3600 537 3650 verbis
550 3598 668 3669 χειρί-
717 3601 757 3651 uti
783 3598 942 3666 praecedens
969 3589 1087 3659 φρενός,
1113 3594 1141 3644 id
1166 3595 1199 3644 ad

183 3666 668 3739 uoepdipca'satissignificatur‚quia‚
717 3664 825 3718 verbum
856 3660 940 3729 λήψει
963 3661 1081 3712 adiunxit
1109 3663 1199 3728 itaque

183 3737 223 3786 uti
248 3734 356 3807 θράσος
385 3733 488 3806 φρενός
515 3736 549 3786 ad
572 3737 667 3786 mentis
714 3751 779 3803 pro:
798 3725 1199 3800 κόθενθράσος-χειρὸς-

183 3805 337 3869 consilium,
356 3805 393 3855 sic
412 3821 458 3854 eae
473 3821 552 3854 voces
568 3805 602 3854 ad
614 3804 667 3853 vim
714 3798 831 3862 καρδίας
848 3816 879 3856 τε
897 3795 995 3866 λήψει,
1026 3810 1100 3849 recte
1119 3807 1198 3863 atque

183 3880 262 3938 atque
288 3872 421 3923 audaciam
445 3872 473 3922 in
489 3871 666 3937 perpetrando
715 3867 807 3920 ordine
828 3867 907 3918 dixit:
934 3865 1027 3920 κόθεν
1041 3862 1150 3932 θράσος
1163 3892 1199 3905 -

184 3937 301 3989 facinore
317 3939 459 4004 pertinent.
493 3942 527 3988 Et
546 3939 579 3988 de
599 3937 670 4006 χειρί
715 3932 838 4006 χειρί-
855 3936 957 4008 καρδίᾳ
977 3953 1007 3989 τε
1025 3930 1117 4001 λήψει.
1159 3934 1198 3982 De

186 4023 240 4059 nou
255 4016 295 4057 eat
307 4007 379 4072 quod
390 4007 487 4070 dicam,
504 4005 606 4077 καρδία
617 4021 668 4054 au·
716 4003 831 4071 genitivo
846 4000 1135 4059 οοιοιοτίκνωνσὲδιν
1146 4001 1199 4051 hoc

184 4085 237 4127 tem
255 4073 333 4127 simili
350 4073 432 4126 modu
449 4075 518 4126 iufra
543 4092 568 4124 v.
591 4073 665 4125 1242.
717 4073 788 4138 dico,
807 4072 851 4139 qui
869 4091 921 4127 nou
935 4071 1036 4140 singula
1051 4070 1198 4137 exempiae
