2610 4546
535 261 718 326 Maisan.
1040 266 1045 271 '
1135 265 1156 322 a

133 438 158 476 e.
173 419 236 473 iii·
252 418 347 473 iniecit
362 419 542 473 Hermann
552 419 637 485 w).
671 418 795 485 lienique
815 416 885 484 quod
904 415 1110 470 Boeelslnlus
1127 416 1157 484 ⁴)

133 528 174 580 ea,
191 527 261 579 quae
276 528 303 564 v.
320 510 515 565 lael-laea.
533 511 629 563 Medea
646 510 774 576 loquitur,

334 639 339 648 ·
431 603 468 672 γῇ
486 600 517 655 δὲ
533 597 600 671 τῇδε
618 598 748 669 Σισύφου

200 690 304 761 σεμνὴν
321 687 423 762 ἑορτὴν
439 691 488 744 uei
504 689 567 760 τέλη
584 689 768 760 προςάψομεο

199 785 233 840 ed
252 780 352 839 λοιπὸν
369 783 432 837 eieci
452 785 536 838 rodda
554 784 706 852 δυσσεβοῦς
723 778 824 850 φόνου,

134 878 201 932 hec
218 877 303 946 igitur
314 876 384 943 quod
397 877 483 928 multo
495 877 582 944 aptius
596 892 612 928 a
626 877 727 928 lunone
737 872 904 943 pronuntiari
918 873 1062 938 existimat,
1079 890 1159 941 quam

135 975 216 1039 poeta
230 968 258 1020 in
275 968 366 1035 priore
379 968 495 1020 editione
511 985 542 1020 ex
555 969 680 1021 machina
696 968 780 1020 rerba
797 966 938 1020 facientem
954 965 1101 1019 induxerit:
1119 973 1178 1018 est<

134 1061 186 1113 illa
201 1059 341 1128 ingeniosa
358 1076 421 1112 saue
438 1060 599 1122 coniectura,
618 1058 663 1109 sed
681 1062 770 1110 tumeo
787 1058 880 1110 eedem
896 1058 934 1111 ita
944 1064 1108 1126 comparata,
1125 1067 1159 1112 ut

133 1150 308 1221 argumentis,
326 1150 423 1217 quibus
434 1149 568 1216 duplicem
578 1149 710 1202 exstitisse
718 1150 830 1202 Medeae
839 1152 1027 1218 ‘recensionem
1036 1151 1158 1204 evincere

133 1241 332 1308 studet,.ail1il
349 1241 411 1294 inde
427 1240 593 1295 auctoritatis
610 1242 727 1294 accedat.
768 1240 877 1293 Etenim
894 1248 941 1295 aot
957 1242 1009 1295 soli
1027 1242 1158 1296 eiusmodi

133 1333 220 1387 oratio
233 1332 329 1384 lunoni
341 1332 531 1395 conveniebat3
549 1332 619 1398 quod
634 1332 741 1397 quidem
753 1332 826 1384 haud
842 1332 899 1383 sine
916 1334 1076 1398 gravissimo
1091 1351 1158 1403 poe-

80 1460 83 1467 .
134 1434 192 1490 tue,
216 1423 265 1490 qui
278 1422 344 1475 talia
360 1423 394 1474 ad
406 1422 532 1474 Medeam
552 1422 733 1485 transtulerit,
751 1424 864 1475 crimine
880 1412 996 1476 statuere
1013 1427 1092 1479 liceto
1111 1433 1159 1480 ant

135 1516 184 1570 illa
201 1518 285 1568 verba
306 1531 355 1566 nec
372 1530 389 1565 a
408 1513 521 1565 Medeae
538 1529 652 1581 persona
666 1514 756 1566 aliena
771 1521 851 1576 runt;
867 1531 899 1565 ex
916 1533 969 1581 quo
986 1517 1157 1585 consequitur

134 1607 206 1660 nihil
231 1604 292 1657 iude
317 1605 351 1655 de
374 1604 515 1656 iteratione
539 1604 652 1656 fabulae
677 1605 772 1672 colligi
795 1622 881 1671 posse.
923 1606 1005 1672 Atqui
1027 1624 1080 1659 uon
1097 1615 1159 1661 snut

135 1698 237 1751 aliena:
255 1710 319 1746 uam
332 1710 419 1760 neque
436 1695 545 1746 caedem
561 1695 709 1748 liberorum
726 1695 750 1747 si
767 1697 884 1766 δυςσεβῆ
902 1695 993 1764 φόνον
1011 1698 1084 1762 dicit,
1101 1700 1157 1752 ioe-

136 1790 212 1842 diore
229 1804 289 1840 eum
312 1803 371 1838 rem
387 1785 495 1840 nomine
510 1786 640 1855 appellat,
658 1805 737 1854 quam
755 1788 825 1855 quod
843 1788 936 1856 ipsam,
955 1807 1024 1856 quae
1040 1789 1159 1855 fecisset,

136 1881 251 1945 deceret,
269 1882 299 1930 ut
316 1877 404 1930 visum
420 1881 460 1930 est
472 1878 657 1942 Boeelshio,
674 1897 761 1947 neque
771 1880 825 1932 hoc
838 1881 945 1947 quidem
957 1883 1017 1933 loco
1030 1881 1160 1936 invidiose

136 1971 279 2024 Corinthus
294 1967 476 2037 pellectione
493 1975 603 2022 vocatur
617 1971 655 2037 ⁵).
689 1972 827 2023 Postremo
846 1971 869 2023 si
886 1973 945 2039 quie
963 1973 1086 2037 miretur,
1103 1991 1156 2040 qua
1256 1988 1262 2001 ·

136 2069 225 2116 mente
240 2061 383 2113 sollemnia
393 2077 470 2113 saera
481 2060 629 2113 Corinthiis
644 2061 678 2112 ad
692 2063 851 2128 expiandum
862 2065 949 2115 scelus
964 2063 1087 2132 iniungat
1098 2067 1158 2116 Me-

136 2155 195 2217 dea,
218 2152 295 2204 cuius
312 2153 387 2203 nulla
403 2152 472 2218 apud
489 2153 553 2203 illos
568 2151 713 2204 auctoritas
733 2169 791 2205 esse
801 2153 899 2218 potuit:
918 2155 953 2206 ob
971 2170 1033 2206 eam
1050 2170 1107 2208 rem
1123 2174 1157 2210 ne

126 2236 170 2299 ¹ad
186 2259 294 2295 causam
311 2240 449 2294 dicendam
464 2247 510 2296 aut
523 2246 600 2310 Poeta
612 2247 660 2294 aut
684 2260 879 2307 convocemur,
894 2243 961 2296 facit
971 2246 1101 2315 ambigua
1117 2248 1158 2302 vis

136 2335 212 2390 verbi
231 2333 421 2405 προςάψομσο.
461 2337 539 2402 Quae
556 2333 697 2400 quam-ita
714 2335 781 2400 siut,
800 2353 832 2387 eo
850 2337 1028 2404 revolvimur,
1057 2343 1087 2389 ut
1104 2338 1159 2392 alia

136 2427 373 2495 circumspicienda
391 2426 444 2479 siut
455 2432 621 2494 argumenta,
638 2427 736 2494 quihus
749 2427 786 2489 id,
795 2445 812 2480 u
823 2446 875 2497 quo
890 2428 976 2482 omnis
988 2429 1056 2481 haee
1069 2429 1158 2498 dispu-

137 2519 203 2572 tatio
220 2519 339 2586 proiecta
355 2523 404 2582 est,
422 2520 625 2571 demonstretur.

202 2610 241 2662 Ae
268 2625 351 2675 quum
374 2609 480 2675 inipso
501 2609 595 2661 fabula
615 2611 691 2663 nulla
711 2627 770 2663 esse
788 2609 884 2663 relicta
902 2609 1016 2678 duplicis
1035 2610 1158 2664 editionis

136 2700 251 2768 vestigia
262 2699 440 2767 docuerimus,
458 2700 627 2773 reperiuntur
640 2707 730 2755 tamen
749 2708 776 2754 et
785 2703 868 2755 verba
878 2703 1007 2755 nonnulla
1018 2707 1044 2755 et
1055 2721 1159 2767 versus,

137 2792 184 2858 qui
206 2809 289 2859 quum
308 2808 341 2843 ex
359 2792 495 2860 Euripidis
513 2794 610 2847 Medea
627 2795 735 2863 repetiti
752 2811 810 2846 esse
827 2793 948 2846 dicautur
964 2811 1050 2861 neque
1069 2801 1158 2847 tamen

135 2881 165 2934 in
181 2899 222 2947 ea,
239 2900 320 2950 quam
336 2883 417 2935 hodie
434 2891 562 2951 tenemus,
578 2884 673 2938 fabula
689 2891 798 2952 exstent,
816 2902 915 2950 magua
926 2893 967 2938 est
991 2885 1109 2952 suspicio
1121 2885 1158 2938 le·

136 2978 193 3026 ctos
209 2973 276 3025 olim
299 2974 327 3025 in
352 2977 437 3028 altera
454 2976 511 3026 eius
529 2976 653 3027 editione.
689 2978 730 3026 Ex
748 2992 780 3025 eo
797 2990 896 3040 gauere
914 2981 979 3027 sunt
996 2976 1049 3026 duo
1066 2990 1159 3028 versae

137 3081 155 3118 a
170 3064 328 3118 stobaeo
345 3064 401 3115 Tit.
418 3064 562 3113 LXXVIII.
581 3081 607 3130 p.
628 3063 789 3115 amaea.
808 3064 920 3117 servati:

376 3149 421 3204 »τὸ
438 3151 548 3221 θρέψαι
564 3154 590 3207 d'
608 3152 638 3208 ἐν
654 3155 780 3225 βροτοῖσι
796 3153 930 3219 πολλάκις

279 3241 371 3296 Hieta
388 3243 495 3314 πορίζει
512 3244 615 3316 φίλτρα
631 3247 682 3300 τοῦ
700 3249 791 3314 φῦσαι
806 3247 899 3301 τέκνα.

136 3335 230 3390 tertius
246 3335 320 3388 haud
338 3335 419 3388 dubie
437 3335 597 3405 Euripideus
614 3340 737 3408 (Fragm.
755 3342 810 3393 luc·
827 3340 911 3408 CXI.)

287 3430 372 3506 Μισοῖ
389 3426 533 3499 σοφιστήν,
552 3424 625 3493 ὅστις
641 3428 692 3499 οὐχ
710 3431 787 3504 αὐτῷ
806 3429 904 3500 σοφός,

137 3533 217 3583 quem
233 3533 265 3568 ex
282 3517 379 3569 Medea
391 3519 526 3585 Euripidis
543 3522 657 3586 petitum
676 3540 734 3576 esse
755 3523 816 3575 inde
834 3522 988 3586 coniieiout,
1006 3524 1078 3590 quod
1096 3528 1157 3578 eum
1224 3578 1227 3584 ,

137 3607 184 3676 qui
199 3608 293 3660 Latine
309 3609 495 3678 interpretatus
514 3612 691 3663 estEuuius
708 3613 778 3680 (Cic.
792 3615 826 3668 ad
838 3615 916 3666 Fam.
933 3613 992 3677 Vll,
1010 3614 1035 3666 6.
1050 3615 1111 3667 coll.
1125 3617 1157 3668 de

137 3699 192 3752 off.
205 3699 256 3761 lll,
269 3698 337 3768 15),
355 3702 385 3755 in
401 3702 560 3770 cognomine
576 3701 689 3768 fabula,
705 3705 775 3758 iactu
792 3705 891 3758 illaad
908 3705 1058 3773 exemplum
1074 3706 1156 3759 Euri-

137 3841 338 3854 ...ι-...-

154 3914 166 3947 ³
202 3915 236 3964 ad
246 3913 364 3965 Elmsleii
376 3919 494 3972 Medeam
509 3939 534 3988 p.
550 3923 610 3974 372.
628 3922 670 3974 ed.
681 3924 755 3991 Lips.

154 3983 169 4014 ⁴
203 3983 237 4032 de
257 3981 334 4049 Trag.
355 3985 399 4035 Gr.
418 4005 445 4053 p.
465 3989 523 4040 167.

155 4048 167 4080 ⁵
202 4048 244 4103 cf.
264 4049 447 4106 Gaetulici
464 4056 551 4123 Bpigr.
570 4058 603 4111 V.
619 4058 696 4112 dnal.
715 4060 758 4111 Br.
775 4059 809 4110 11.
829 4074 855 4124 p.
877 4058 935 4111 167.
