2610 4546
506 243 741 311 HECUB&
1067 248 1127 315 ’00

203 405 399 481 πτώσσουσι
422 410 559 497 μυχῶνς

1025 413 1124 486 1065

202 512 272 580 stne
297 535 354 600 μοι
379 504 533 600 ὀμμάτων
559 505 718 599 αἱματόεν·
737 504 909 604 βλέφαρον

201 607 327 682 ἀκέσαι’
352 606 489 681 ἀκέσαιο
513 607 665 704 τυφλόν,
689 603 789 698 Ἅλιε,

199 713 324 838 φέμγος
347 707 547 799 ἀπαλλάξας.

201 843 222 884 α
245 814 277 887 ἀ.
305 813 398 908 σίγα,
425 813 521 907 σίμα,
546 807 697 903 κρυπτάν

200 913 299 1009 βάσιν
324 912 529 1006 αἰσθάνομαι
552 912 649 986 τάνδε
674 917 852 1030 γυναικῶν.
879 965 881 969 -

200 1022 250 1088 ποῖ
274 1013 351 1088 πάθ’
375 1013 497 1114 ἐπάξας

1025 901 1124 992 1'070

200 1124 335 1210 σαρκῶν
351 1115 475 1190 ὀστέων
498 1113 526 1188 τ’
551 1114 744 1212 ἐμπλησθῶ,

200 1221 323 1293 θοίναν
347 1217 470 1315 ἀγρίων
494 1222 617 1316 θηρῶν
640 1217 813 1312 τιθέμενος
833 1279 835 1284 .

200 1318 386 1414 ἀρνύμενος
410 1319 532 1414 λῶβαν,

198 1422 307 1515 λύμας
333 1420 492 1495 ἀντίποιν’
518 1420 617 1513 ἐμάςς
641 1405 669 1491 ni
693 1414 805 1507 τάλας.

199 1533 274 1612 ποῖ,
299 1531 348 1596 πά
373 1525 519 1617 φέρομαι
543 1518 628 1595 τέκν’
652 1521 757 1616 έρημα
781 1517 888 1593 λιπῶν

1022 1532 1121 1604 1075

199 1625 336 1720 βάκχαις
352 1621 472 1700 “Artos
497 1627 720 1718 άιαμοιράσαι,

97 1791 229 1844 bachio
249 1794 282 1844 ad
294 1793 428 1844 Plutarchi
441 1793 509 1845 Mor.
525 1790 557 1841 T.
569 1791 589 1841 l.
605 1808 631 1857 p.
650 1788 709 1842 174.
749 1788 835 1856 θνμῶ
854 1785 944 1854 ζέοντι
958 1791 1032 1845 Harl.
1053 1803 1080 1845 et
1094 1796 1124 1849 G.

96 1858 227 1913 annul.
243 1864 289 1928 Ep.
305 1863 363 1913 crit.
380 1865 411 1912 ll.
428 1882 454 1928 p.
464 1860 655 1912 aaaconiecit
669 1853 765 1924 θυμὸν
778 1856 876 1922 ζέοντι,
895 1860 968 1926 quod
983 1861 1048 1912 mibi
1062 1853 1124 1930 qni-

98 1930 157 1979 dem
173 1931 410 1982 deteriusvidetur.
430 1931 471 1981 Cf.
485 1927 690 1980 Wakefield.
705 1928 837 1980 Silacrit.
850 1928 912 1980 Vol.
927 1932 949 1980 l.
962 1931 990 1980 P.
998 1932 1031 1980 11.
1044 1950 1070 1998 p.
1079 1933 1123 1986 23.

97 2037 173 2110 quam
209 2056 271 2112 apte
306 2047 341 2097 ad
375 2046 585 2113 Polymestorem

97 2113 254 2162 translatum
270 2115 313 2173 sit,
332 2132 408 2164 nemo
429 2131 481 2164 non
496 2113 585 2170 videt;

98 2181 134 2230 cf.
146 2198 170 2230 v.
183 2182 255 2232 1000.
293 2183 410 2232 Similem
423 2182 500 2231 huius
511 2180 586 2231 verbi

96 2259 257 2315 potestatem
289 2252 497 2301 animadvertere
522 2249 587 2300 licet

97 2318 174 2368 etiam
192 2317 218 2366 in
238 2318 275 2367 El.
298 2320 361 2371 139:
384 2315 473 2384 ’Ἀργει
489 2313 586 2378 κέλσας

97 2381 163 2438 πόδ’
175 2383 291 2440 ἀλάταν.
316 2389 473 2454 Hipp.140:
493 2385 586 2440 θανά-

95 2473 147 2508 του
161 2452 256 2507 κέλσαι
267 2456 334 2509 ποτὶ
343 2455 428 2527 τέρμα
436 2455 586 2520 δύστανον.

130 2525 251 2575 ν.’1059.
289 2521 347 2578 tut
372 2530 488 2590 χεῖρα,
514 2519 584 2576 κατ’

97 2590 207 2659 ἴχνος]
227 2594 289 2642 Sine
299 2594 403 2659 copula,
422 2611 499 2659 quum
516 2592 584 2642 desi·

96 2660 206 2710 derabat
217 2663 348 2712 Pursonus
362 2662 515 2727 absorptam
531 2661 585 2710 exi-

96 2729 268 2780 stimansvoc.
286 2725 358 2793 κατ’,
375 2731 468 2797 paullo
489 2731 584 2780 melius

98 2798 236 2859 dicuntur,
256 2809 284 2849 ut
296 2800 322 2849 in
335 2801 585 2850 orationecommo-

94 2869 178 2917 tiore:
198 2869 420 2933 quemadmodum
435 2870 506 2934 apud
523 2869 584 2918 Te-

95 2945 181 2985 rent.
197 2937 278 2988 Andr.
291 2937 336 2999 IV,
352 2939 375 2996 l,
395 2939 441 2987 53:
462 2936 583 2987 conari

95 3004 271 3068 manibus,
300 3005 459 3071 pedibus.
482 2999 585 3071 fmus

96 3071 255 3134 simpliciter
269 3090 318 3139 pro
333 3073 434 3139 pede,
451 3073 517 3122 utin
527 3079 585 3124 An-

95 3138 163 3188 thol.
179 3139 263 3190 Palat.
277 3140 309 3204 V,
327 3141 373 3190 92:
398 3135 435 3207 η”ν
448 3159 517 3194 ποτε
536 3139 585 3194 καὶ

94 3203 252 3272 στεφάνους
271 3203 426 3277 προθύρου
447 3203 518 3280 άπερ
538 3208 584 3263 ἐκ-

94 3273 288 3360 κρρμάσωμαι,
314 3269 496 3347 Ὀργισθεῖσα
527 3296 584 3331 πα-

94 3362 137 3398 τει
152 3349 212 3406 τοῖς
229 3347 360 3415 σοβαροῖς
378 3347 393 3399 l
406 3363 491 3400 νεσιν.
524 3349 584 3398 ad-

95 3415 144 3480 de,
163 3433 240 3481 quam
256 3415 375 3465 laudavit
389 3367 583 3479 borennas,

95 3482 190 3537 Bacch.
202 3502 225 3534 v.
238 3485 314 3535 1132.
343 3485 418 3544 Nisi,
439 3486 512 3551 quod
529 3499 584 3535 uon

96 3552 221 3615 decerno,
240 3553 390 3603 addendum
398 3553 433 3603 sit
441 3571 498 3602 cum
507 3552 585 3603 seid-

96 3621 154 3670 lero
170 3621 276 3682 πσδῶν,
294 3621 346 3672 vid.
354 3623 389 3672 ad
399 3640 422 3672 v.
436 3623 510 3674 1056.
531 3623 584 3671 Ce-

95 3698 181 3757 terum
197 3691 366 3755 exspectabas
380 3691 510 3742 eiusmodi
526 3691 584 3741 fera

95 3758 206 3808 formam
225 3758 365 3810 orationis:
390 3758 482 3828 θηρὸς
503 3758 584 3825 δίκην

94 3821 178 3898 βάσιν
184 3824 329 3890 τιθέμενος
338 3827 401 3893 (ie.
410 3825 529 3897 βαίνων)
539 3825 584 3883 tul

94 3898 183 3962 χεῖρα,
200 3888 262 3948 κατ’
276 3893 366 3959 ἴχνσςε
384 3908 446 3960 aut,
464 3898 584 3949 ritaliter

97 3963 193 4026 dicam,
210 3957 293 4034 βάσιν
305 3959 453 4030 τιθέμενος
461 3966 501 4016 bis
512 3965 584 4051 σαρί-

94 4032 204 4083 tandum
218 4043 275 4094 est,
300 4031 410 4098 primum
433 4034 467 4084 ad
484 4037 584 4118 θηρος,

97 4099 193 4150 deinde
213 4100 246 4151 ad
262 4099 328 4150 haec
342 4098 387 4154 ἐπὶ
402 4105 495 4170 χεῖρα,
522 4122 575 4156 κατ

96 4167 181 4234 ἴχνος.
216 4170 289 4230 Quae
308 4170 381 4237 quod
401 4169 507 4222 brevius
520 4171 583 4225 elo-

97 4238 585 4309 quutnsestpoeta‚mirisearescom-

636 2043 911 2111 mentisiuterpretum
920 2047 1124 2102 deditoccasio·

636 2129 711 2176 nem,
736 2123 805 2162 utet
819 2116 1043 2166 constructionem
1060 2137 1123 2170 ver-

636 2181 729 2230 borum
743 2176 930 2247 perturbarent
947 2195 974 2234 et
988 2186 1124 2239 sollicita·

635 2259 696 2302 rent
710 2249 867 2315 scripturam
884 2251 1055 2306 sanissimam.

670 2335 695 2368 v.
707 2318 782 2369 1063.
809 2319 1056 2385 Transpositionem
1073 2321 1123 2374 ho·

635 2403 693 2436 rum
713 2386 854 2437 verborum
871 2387 975 2439 idoneis
996 2391 1123 2457 exemplis

635 2455 799 2504 confirmavit
827 2456 1004 2509 Seidlerus
1026 2477 1052 2526 p.
1072 2459 1124 2512 278

635 2541 693 2589 sq.,
719 2523 745 2572 in
787 2523 863 2573 uibus
876 2527 995 2589 reperias
1012 2528 1077 2577 haec
1091 2545 1123 2578 ex

634 2591 705 2640 Med.
720 2540 798 2641 wli:
818 2587 932 2653 ἀκούεις
941 2591 1022 2661 βοάν,
1037 2589 1123 2650 ἀκού-

635 2657 797 2719 arscensem
819 2661 897 2710 1282:
916 2664 984 2729 μίαν
993 2663 1028 2731 δὴ
1037 2663 1123 2734 κλύω,

633 2730 701 2796 μίαν
715 2730 772 2779 τῶν
784 2725 884 2798 πάρος.

668 2831 692 2864 v.
704 2814 770 2865 1006
783 2831 841 2881 sqq.
872 2814 951 2865 Haud
965 2815 1070 2883 inepte,
1093 2826 1125 2870 ut

635 2882 755 2933 caecitati
774 2900 836 2932 suae
857 2884 1007 2947 medeatur,
1033 2885 1124 2937 Solem

634 2950 740 3001 invocat
758 2951 942 3017 Polymestor‚
966 2963 1060 3020 utpote
1076 2955 1124 3006 lu·

635 3019 711 3069 minis
725 3029 868 3070 auctorem.

668 3104 777 3155 eloti.
794 3100 940 3174 ἐπάξας]
958 3105 1052 3159 active.
1067 3110 1123 3160 So·

634 3172 749 3239 phoci.
764 3174 858 3225 Allo:
878 3174 926 3226 καί
940 3172 1012 3245 πρὸς
1021 3177 1123 3240 stour-

633 3239 760 3307 λόγιστον
773 3233 822 3296 τάδ’
838 3232 904 3314 ᾖξεν
914 3241 997 3314 χέρας

667 3326 779 3379 ν.1074.
805 3325 917 3394 λύμας
940 3323 1123 3384 ἀντίποιν’

633 3391 732 3462 ἐμοῖς]
761 3398 903 3463 Appositio
927 3397 993 3448 haec
1023 3407 1064 3448 est
1087 3397 1122 3449 ad

634 3464 1121 3528 praecedentemsententiam.Or084l:

634 3530 756 3599 σφάγιον
769 3530 974 3652 ἐθετοματέρα,
984 3533 1123 3606 πατρῴων

633 3600 752 3654 παθέων
772 3601 901 3671 αμσιβάν.
946 3603 992 3670 ph.
1007 3609 1038 3654 A.
1053 3605 1120 3655 233:

634 3667 687 3723 τάν
710 3674 874 3736 γυναικείαν
895 3666 965 3737 ὄψιν
987 3667 1123 3738 ἀμμάτων

634 3735 672 3800 ῶς
685 3737 834 3807 πλήσαιμι,
859 3742 982 3807 μείλινον
1002 3736 1120 3794 ἁδονάν.

634 3808 665 3858 v.
679 3808 800 3859 Matth.
817 3810 862 3859 Gr.
878 3811 902 3876 q.
916 3810 976 3875 432,
995 3810 1021 3861 ⁵.

666 3911 691 3945 v.
703 3894 768 3946 1075
777 3911 834 3961 sqq.
853 3893 992 3960 Longiusa
1003 3893 1121 3959 tentorio

634 3962 778 4030 digressus,
786 3965 831 4013 ubi
839 3964 984 4014 liberorum
994 3964 1122 4014 cadavera

633 4033 793 4099 reliquerat,
827 4032 910 4082 vereri
926 4032 1021 4098 incipit
1037 4031 1122 4098 Poly·

632 4112 749 4161 mestar,
773 4117 806 4150 ne
822 4100 870 4150 illa
890 4118 905 4150 a
922 4100 1078 4151 mulieribus
1093 4099 1122 4149 in

634 4170 741 4220 caedem
751 4185 780 4219 ac
793 4166 1129 4220 foedissimataetasrsta-

634 4237 760 4291 rentibus
777 4231 1038 4344 Qmufflssou
1047 4265 1059 4289 ,
1073 4225 1156 4275 mb-
