2610 4546
466 247 684 313 HECUBA.

163 411 293 507 λέχριος
316 408 438 505 ἐκπίοι]
461 411 565 505 φίλας
588 386 739 504 καρδίας,

165 513 313 609 interae
336 513 422 607 βίον.
457 510 497 585 cd
521 509 585 608 γὰρ
610 509 781 607 δυέγγυου

164 616 242 717 δίκᾳ
265 617 323 687 καί
347 621 477 688 θεοῖσιν
502 612 548 687 ου’

573 610 744 708 &opnione

889 655 895 668 ·
986 622 1086 695 1030

132 832 158 866 v.
172 815 249 867 1028.
283 815 300 886 β
309 815 366 868 ίου
383 831 398 864 e
412 813 564 864 coniectura
580 814 779 866 Hermanni.
815 812 883 866 Edd.
897 822 925 864 et
938 815 1012 869 MSS.
1027 817 1086 886 βίο-

66 901 132 946 του,
156 885 227 934 unde
245 883 429 934 Iacobsins
445 883 582 932 Animadv.
603 883 636 932 ad
652 883 742 949 Eurip.
757 900 785 949 p.
798 882 824 933 8.
844 884 960 935 coniecit
978 885 1086 955 βιότου,

64 952 129 1004 coll.
144 953 287 1003 Hesiod.
302 955 374 1001 Scnt.
390 952 468 1000 Herc.
486 952 545 1002 831.
565 952 655 1002 Hom.
668 952 787 1019 11.2‚58.
811 951 1026 1006 Matthiaeus
1042 975 1086 1008 sn·

64 1022 181 1088 spicatnr
191 1021 295 1088 βίοτον·
315 1013 332 1073 δ
344 1015 398 1089 peip
410 1017 550 1086 διιὲγγυον
565 1029 616 1069 etc.

132 1107 157 1139 v.
175 1090 250 1140 1030.
291 1085 333 1141 ον’
350 1089 548 1155 ξυμπίτνει
571 1088 632 1138 edd.
651 1097 678 1136 et
695 1088 770 1138 Mes.
789 1077 824 1140 ori
849 1086 997 1157 ξυμτιτνεῖ
1016 1092 1085 1142 coni.

63 1156 301 1224 Musgravins,
326 1159 400 1225 quod
415 1158 521 1224 sequuti
535 1159 654 1206 suntBr.
671 1158 763 1207 Pors.
782 1158 888 1209 Herm.

66 1299 141 1350 1026.
149 1299 264 1364 corrigas
274 1296 390 1365 ἐκπεοεῖ,
403 1299 474 1365 quod
484 1297 550 1349 elim

64 1367 550 1428 feceratHermannus,etsuadent

63 1436 247 1487 duae'causae.
273 1437 389 1486 Primum
402 1437 431 1486 id
443 1435 549 1502 liquido

62 1505 550 1572 scriptumexhibent‚nisiquodcom·

62 1589 166 1622 munem
181 1585 285 1623 servant
300 1573 451 1639 dialectum,
470 1572 550 1622 codi-

64 1657 108 1690 ces
124 1642 152 1691 E.
164 1643 194 1690 F.
213 1639 322 1711 ἐκπεσῇ.
346 1641 550 1692 Deindesicon-

61 1710 153 1773 iungas
175 1705 213 1770 oie
230 1739 264 1749 -
283 1709 398 1781 ἐκπέσῃ,
424 1721 465 1760 est
484 1710 549 1760 haec

62 1777 134 1844 apud
147 1779 427 1848 Homernnesrequens
441 1780 466 1828 in
478 1796 550 1829 com·

61 1847 244 1914 parationibns
255 1849 391 1916 usurpatio
401 1848 550 1899 coniuncti-

60 1913 549 1983 vi‚sedapudAtticnmpoetamunum

59 1981 113 2032 hoc
129 2001 157 2032 se
169 1985 299 2049 reperisse
314 1985 550 2050 exemplumtesta·

60 2059 106 2099 tur
125 2051 242 2100 Matth.
259 2052 304 2101 Gr.
327 2053 352 2117 δ.
365 2054 426 2103 591.
446 2062 503 2101 not.
523 2054 548 2103 8.

60 2117 137 2166 Nunc
150 2118 202 2167 alia
218 2129 258 2168 est
272 2119 435 2169 constructio
448 2121 549 2169 verbo-

59 2181 550 2256 τοιιιεἐκκεοεῖφίλοιςκοιρδίοιςοὶμέρ·

60 2268 112 2313 σοις
119 2253 199 2338 βίον,
227 2251 264 2314 δίς
278 2275 320 2316 τις
338 2255 443 2325 λέχριος
456 2257 549 2309 nennio

61 2321 354 2388 είςοιλίμινονᾶντλον,
372 2336 488 2375 ettotam
495 2325 548 2375 hoc

60 2392 214 2457 epexegesis
221 2394 256 2444 ad
263 2395 400 2460 superiora
409 2395 471 2445 illa:
491 2390 549 2447 dui-

60 2475 117 2521 σεις
129 2461 219 2527 δίκην.
247 2464 320 2521 Quae
334 2464 401 2513 ratio
418 2463 548 2529 loquendi

61 2528 201 2593 frequens:
236 2547 270 2578 ne
291 2531 383 2596 plura,
409 2533 548 2582 considera

60 2595 127 2646 haec
143 2613 175 2645 ex
188 2596 330 2647 Platoni
340 2600 507 2664 sfrotagora
520 2617 547 2666 p.

59 2664 118 2715 348.
127 2662 240 2726 Αιτοδς
249 2662 397 2725 τοιούτους
409 2686 457 2734 μοι
471 2668 551 2721 δοκεῖ

58 2733 160 2801 χρῆναι
172 2732 277 2800 μᾶλλον
291 2739 439 2803 μιμεῖσθαι
457 2734 506 2802 ἐμέ
518 2754 548 2791 τι

57 2801 152 2869 καλοί,
170 2802 547 2872 καταθεμένουςτοδςτιοιη-

57 2867 110 2930 τὰς
121 2864 227 2933 oriende
236 2868 272 2925 δι’
284 2871 364 2939 ἡμῶν
371 2871 466 2928 αὐτῶν
478 2873 549 2946 πρὸς

58 2934 196 3007 ἀλλήλους
208 2940 545 3008 τοδςλόγοοςποιεῖοθιιιε

58 3008 105 3057 ubi
135 3008 171 3057 cf.
196 3009 402 3061 Heindorfii
427 3023 545 3063 annotat.

56 3077 88 3124 ln
110 3076 204 3124 eodem
225 3079 368 3143 Protagora
387 3097 413 3160 p.
432 3081 491 3131 335.
509 3085 545 3130 A:

58 3142 86 3195 εἰ
98 3144 184 3195 τοῦτο
200 3139 325 3208 ἐποίουν,
342 3140 402 3200 δον
415 3145 545 3212 κελεύεις,

58 3207 129 3272 nied
144 3207 293 3276 ἀντιλέγων
306 3212 413 3269 ἐκέλευέ
429 3235 462 3284 με
481 3219 545 3270 δια-

57 3280 197 3348 λέγεσθαι,
214 3281 289 3336 οὕτω
306 3283 477 3353 διελεγόμην,
496 3282 545 3341 ου’-

57 3346 141 3410 δενδς
172 3346 208 3402 δν
235 3353 351 3422 βελτίων
377 3353 544 3422 ἐφαινόμην.

57 3420 134 3469 Adde
146 3421 164 3468 E
174 3439 189 3470 u
199 3422 262 3488 rip.
279 3422 338 3489 Iph.
353 3423 385 3474 T.
400 3424 459 3476 999.
487 3425 544 3473 Ob·

57 3485 131 3536 iiciat
145 3488 240 3556 aliquis
253 3492 330 3542 nimis
351 3510 408 3542 esse
423 3493 546 3543 tautolo-

57 3569 118 3617 gum
131 3551 327 3626 incentiones
334 3561 452 3631 καρδίας
459 3557 546 3631 ‹ipep-

57 3636 109 3681 σας
141 3624 217 3690 βίονε
254 3629 292 3678 ita
324 3632 429 3698 quidem
461 3632 545 3680 Mat-

55 3689 177 3742 thiaeo
196 3693 310 3747 videtur.
327 3701 479 3766 Nonputo:
499 3717 546 3750 ne·

55 3776 108 3826 que
124 3777 203 3824 quum
219 3761 295 3814 initio
312 3769 491 3819 annotationis
500 3769 545 3818 in-

56 3838 142 3895 eptam
164 3829 218 3879 dixi
239 3831 314 3882 istam
330 3837 434 3903 copiam
446 3838 545 3888 verbo-

56 3913 129 3960 rum,
148 3897 217 3949 illud
232 3903 364 3966 spectavi,
383 3907 456 3970 quod
473 3907 544 3956 idem

55 3961 96 4014 bis
112 3967 258 4031 diceretur,
284 3971 332 4019 sed
350 3972 414 4022 mihi
435 3974 544 4026 videbar

40 4033 114 4083 'iure
130 4036 324 4101 reprehendere
339 4052 543 4108 possepoeturn,

54 4102 116 4168 qni,
133 4120 186 4168 quo
199 4106 262 4156 loco
277 4109 438 4159 mentionem
450 4113 542 4161 mortis

598 1298 691 1361 nisset,
708 1297 870 1349 redundaret
888 1309 975 1350 autem
987 1301 1086 1364 verbis,

599 1367 644 1416 ubi
659 1367 705 1416 sirr
718 1367 771 1416 *lex
782 1367 820 1416 rei
833 1369 991 1432 significatio
1009 1371 1088 1421 sufii-

600 1435 694 1485 ciebat.
738 1435 841 1495 Quodsi
858 1452 914 1486 rem
934 1437 1086 1503 diligentius

600 1504 761 1564 consideres,
768 1504 862 1554 similia
872 1504 938 1554 haec
945 1518 1006 1556 sunt
1014 1525 1087 1572 sene,

600 1589 667 1638 qnae
692 1572 828 1622 coniunxit
851 1574 1007 1641 Euripides,
1038 1577 1087 1625 sed

599 1657 653 1691 non
670 1642 770 1690 eadem.
805 1641 915 1704 Etenim,
928 1644 978 1692 nisi
989 1643 1086 1708 sallom

599 1706 722 1780 οἷμὲρσοις
735 1710 798 1777 βίον
811 1726 865 1759 non
879 1721 919 1760 est
930 1711 1088 1778 simpliciter

599 1781 644 1846 qui
663 1779 806 1842 moriatur,
838 1779 885 1828 sed
905 1780 950 1845 qui
970 1781 1085 1847 pessimo

598 1849 692 1899 mortis
706 1864 800 1913 genere
814 1847 999 1899 afficiatur.·-
1010 1852 1087 1900 Nunc

597 1917 715 1967 breviter
728 1917 861 1981 attingam,
879 1917 907 1967 id
917 1919 988 1984 quod
997 1919 1091 1969 absol*

598 1986 636 2034 vit
655 1986 897 2047 interpretationem
921 1985 999 2036 huius
1024 1987 1088 2049 loci,

597 2053 692 2103 vocab.
702 2050 815 2120 λέχριος,
834 2054 907 2103 cuins
915 2054 969 2104 vim
979 2055 1086 2106 facilins

599 2138 739 2187 assequare
757 2130 909 2187 comparato
929 2122 992 2174 loco
1013 2125 1087 2173 Vir-

598 2189 680 2254 gilii
697 2193 762 2239 Aen.
781 2191 808 2250 1,
827 2191 891 2254 104,
909 2190 953 2239 ubi
970 2193 1003 2241 de
1017 2193 1088 2242 Tro·

598 2259 723 2307 ianorum
743 2258 826 2308 classe
848 2259 975 2325 procellis
999 2261 1087 2310 iacta-

598 2336 639 2376 ta:
660 2327 989 2393 Franguntnrremi3
1016 2339 1086 2379 tum

598 2398 1086 2463 proraavertitetundisDat

598 2464 706 2522 latus3
730 2465 933 2532 insequitur
953 2466 1085 2518 cumulo

598 2543 811 2599 praeruptus
830 2550 936 2598 aquae
955 2550 1061 2586 mons.

631 2618 657 2651 v.
669 2600 742 2650 1029.
766 2598 804 2653 τδ
822 2597 887 2669 γὰρ
904 2596 1085 2668 δπέγγυου

597 2694 633 2707 -
645 2666 770 2736 κακόν]
788 2669 868 2719 Ratio
884 2670 1020 2721 reddenda
1034 2681 1085 2734 est,

598 2756 645 2787 cur
661 2755 760 2805 poenas
782 2739 902 2788 daturum
923 2756 980 2789 esse
1000 2739 1085 2806 Poly-

597 2807 937 2858 mestoremverisimilesit.
954 2809 1084 2875 Perqnam

597 2885 685 2924 eutem
703 2877 793 2941 inepta
813 2876 885 2926 foret
903 2875 989 2942 ratio,
1012 2878 1084 2927 unde

596 2943 727 2993 vindictae
742 2944 773 2992 ab
789 2943 896 2994 homine
908 2945 1022 2995 scelesto
1039 2963 1085 2995 su·

594 3012 706 3061 mendae
721 3029 794 3078 spem
811 3013 907 3062 chorus
922 3014 1084 3079 conciperet,

595 3081 1084 3148 quodea‚quaeessentaccommodata

593 3149 710 3198 institiae
719 3147 768 3214 (τὸ
781 3145 923 3217 διιέγγυου
935 3151 1014 3221 δίκᾳ)
1028 3167 1084 3202 non

594 3217 714 3267 solerent
728 3219 826 3267 malum
840 3230 959 3269 eventum
975 3219 1082 3272 habere.

593 3286 674 3352 Atqui
688 3286 767 3336 talem
781 3288 837 3336 fere
851 3287 878 3337 h.
892 3287 910 3340 l.
924 3289 1084 3340 sententiam

594 3354 727 3405 sibivisus
751 3366 791 3406 est
811 3357 939 3423 reperisse
959 3357 1082 3408 Matth.

592 3423 665 3472 lllud
681 3423 844 3474 afferendum
858 3435 927 3490 erat,
945 3424 1018 3476 haud
1031 3426 1083 3474 im-

596 3508 666 3557 pune
676 3493 715 3541 sas
726 3494 1018 3560 pietatemqueviolari‚
1036 3511 1084 3543 ne-

596 3577 647 3627 que
659 3562 790 3627 negligere
801 3563 999 3612 deosinstarum
1013 3580 1082 3628 poe-

594 3645 686 3677 narum
702 3631 874 3681 exactionem.
901 3631 981 3696 idque
994 3631 1081 3696 ipsum

593 3698 711 3747 voluisse
719 3709 823 3765 poetam
833 3715 886 3749 non
896 3699 1000 3749 dubito.
1010 3699 1083 3749 Ver-

593 3775 633 3816 te:
663 3767 771 3817 dirum
794 3767 881 3817 eninr
905 3784 939 3816 ac
965 3767 1082 3834 perni-

594 3834 724 3886 ciabile
742 3836 878 3898 malum,
897 3835 991 3903 quod
1009 3834 1081 3886 fide

595 3905 748 3970 etquasi
766 3905 960 3972 sponsione
979 3904 1082 3954 insti-

592 3972 663 4022 tiae
697 3991 734 4024 ac
766 3975 908 4025 deorum
943 3983 1081 4023 cautum

592 4052 658 4103 est,
676 4058 716 4092 ne
735 4054 868 4109 pereat,
887 4058 951 4091 non
969 4042 1016 4091 fit
1033 4042 1082 4091 ir-

591 4111 700 4162 ritum.
728 4114 830 4178 Sequor
839 4109 1012 4172 enimSchol.‚
1032 4109 1079 4176 qui

53 4169 262 4236 aPolymestore
274 4177 351 4226 oben·
364 4177 412 4227 dae
425 4178 541 4229 fieriness
552 4196 570 4224 a
590 4178 736 4246 ξυμπίτιιει
765 4181 882 4248 explicat
902 4175 1090 4245 dqovissmls

38 4303 40 4306 y
53 4253 127 4288 cesse
141 4249 210 4309 erat,
228 4260 262 4294 ne
276 4244 361 4299 hilum
374 4246 482 4314 quidem
490 4247 540 4300 ‘di-

191 4397 210 4421 l

592 4246 765 4306 ἀπόλλυται.
780 4243 1106 4314 Quamrer‘dx‘ndmsstx-
