2610 4546
593 249 770 312 uuouu
925 228 932 244 '
1156 256 1178 316 a

153 406 187 461 lie
204 407 414 461 commutes
430 407 571 466 recitatae,
602 405 783 458 acciueotilrus
808 406 932 473 deinceps
954 408 1111 473 vocalibus,
1135 408 1174 463 ita

151 498 306 566 Euripidem
325 502 415 549 cerret
431 496 601 561 stropharum
615 514 754 548 numerum
772 497 891 564 personia
910 499 986 552 chori
1000 517 1173 568 exaequasse,

151 590 267 661 figulis
284 599 376 643 eutem
392 586 528 639 choreutis
545 588 666 654 strophas
681 587 802 655 singulas
820 588 953 654 tribuisse,
971 593 1171 647 concinentibus

152 698 198 749 per
220 680 291 732 vices
310 679 406 731 ceteris
425 678 552 744 personis.
578 679 649 728 lllud
668 696 731 730 vero
747 680 953 747 perambiguum
971 688 1021 746 est,
1036 682 1171 739 fuerintne

152 770 203 823 tul
218 786 349 839 penem
367 769 458 834 chori,
476 775 506 820 ιιι
522 769 647 836 opinatur
664 769 880 838 Boeclrhius,
896 787 940 834 eu,
958 779 1065 827 servato
1083 775 1171 842 legiti-

101 878 104 883 ·
151 878 193 915 Ιο
208 861 361 929 quindecim
379 877 553 928 personarum
571 879 698 926 numero,
716 863 789 913 vium
806 868 895 915 umen
913 863 1046 917 invenerit
1064 865 1173 933 Euripi·

150 954 204 1018 dee,
220 970 276 1022 qua
286 953 411 1005 binarum
423 960 531 1006 cantum
545 969 728 1021 personarum,
745 954 800 1006 ulia
811 961 871 1021 post
885 956 968 1008 aliem
981 956 1015 1019 ei,
1028 957 1104 1008 cuius
1115 958 1172 1024 pri-

149 1046 250 1099 mariae
262 1050 451 1113 portauerant,
467 1047 615 1112 acciueute,
631 1045 816 1112 coniungeret.
850 1046 905 1098 Nos
916 1047 1082 1101 coniecturae
1097 1048 1126 1101 iu
1137 1064 1170 1103 eo

149 1151 249 1203 genere
260 1137 325 1188 eatis
335 1137 488 1205 ingeniosas
501 1138 648 1206 excogitari
662 1155 749 1204 porse,
764 1139 831 1189 certi
845 1140 999 1206 quidquam,
1017 1157 1087 1207 puee
1100 1157 1170 1195 aune

148 1232 190 1279 eet
205 1226 247 1279 rei
261 1228 383 1281 scenicae
398 1237 518 1281 ueterum
534 1229 660 1292 scientia,
678 1229 771 1281 ellerri
789 1245 842 1280 nou
858 1247 936 1296 posse
947 1232 1086 1297 arbitrati,
1104 1232 1169 1287 teile

147 1317 271 1376 duximus
291 1335 324 1370 ea
343 1320 376 1369 do
396 1336 425 1370 re
442 1321 610 1373 admonuisse
622 1322 748 1374 lectores:
774 1320 922 1373 orationem
936 1328 1030 1389 poetae
1040 1322 1168 1375 intectam

147 1409 312 1476 reliquimus.

212 1502 353 1552 Postremo
374 1503 496 1568 quemvis
519 1503 662 1570 ancipitem
685 1503 718 1554 de
741 1503 840 1570 duplici
866 1522 933 1571 quae
949 1504 1037 1557 fertur
1054 1505 1167 1559 Medeae

145 1590 263 1642 editione
279 1593 460 1655 praeestiouem
481 1612 561 1661 quam
586 1596 644 1646 lieri
662 1595 758 1662 poterit
784 1596 944 1647 breuissime
961 1594 1164 1662 explicabimus,

147 1681 219 1733 uihil
242 1682 402 1747 amoueri,
426 1690 456 1736 ut
479 1691 551 1737 certo
568 1685 708 1738 diiudicari
732 1703 764 1738 ea
788 1686 948 1753 respondi,
972 1685 1098 1750 allaturi,
1121 1687 1166 1738 sed

146 1777 276 1839 quantum
298 1771 364 1825 ratis
381 1780 421 1826 est
438 1775 568 1828 tironibus
590 1776 694 1829 dicturi.
730 1777 767 1829 ric
779 1778 812 1829 dc
829 1777 953 1830 dioscoue
969 1779 1119 1830 dramatum
1138 1777 1165 1829 iu

146 1863 298 1915 uuiversum
316 1867 435 1932 exposuit
452 1867 651 1920 Boeclrlrius
670 1869 698 1921 iu
715 1870 928 1936 capitesccuudo
946 1870 1019 1931 libri,
1036 1886 1117 1935 quom
1132 1871 1164 1922 do

142 1955 323 2027 fl'rogicorum
334 1957 498 2009 Graecorum
513 1958 678 2025 principibus
690 1959 804 2026 scripsit.
828 1962 959 2014 Solebaut
972 1959 1044 2010 euiur
1062 1967 1164 2027 poetae,

144 2045 263 2114 siquam
286 2049 417 2111 fabulum,
436 2048 519 2099 semel
535 2049 650 2111 editam,
669 2052 770 2101 iterum
783 2050 810 2100 iu
828 2067 934 2101 scenam
950 2050 1049 2099 vellent
1064 2051 1163 2114 produ-

139 2154 213 2202 ·eere,
230 2155 289 2191 eam
308 2139 348 2191 ita
365 2145 412 2190 eut
430 2144 513 2190 totam
531 2143 677 2189 retractare
694 2143 742 2189 aut
758 2141 886 2202 quasdem
903 2138 960 2190 eius
978 2144 1066 2205 partor
1084 2139 1162 2190 reliu-

144 2246 215 2297 gere‚
233 2235 273 2294 ut,
290 2244 371 2296 quem
389 2226 512 2279 secundis
530 2227 600 2278 curis
617 2226 828 2294 perpolivisreut,
846 2244 895 2294 pro
912 2244 980 2281 nova
994 2228 1054 2280 iure
1066 2228 1162 2280 heberi

143 2328 237 2388 posset.
273 2322 355 2372 Cuius
368 2320 501 2372 rationem
515 2318 638 2382 instituti,
656 2335 689 2371 ue
703 2318 791 2370 dicum
805 2326 944 2371 auctorum
957 2321 984 2372 iu
994 2319 1161 2387 perficiendis

141 2413 265 2481 operibus
282 2413 465 2480 diligentiam,
487 2410 603 2464 maxime
625 2412 685 2463 iude
702 2417 822 2478 repetas,
847 2413 934 2478 quod,
956 2413 1012 2464 sive
1030 2410 1160 2464 ceciderat

140 2506 248 2568 utute,
265 2504 316 2557 uisi
331 2505 468 2556 emendata
480 2504 506 2555 iu
523 2509 655 2555 certamen
670 2504 768 2556 iterum
784 2501 915 2552 committi
927 2517 979 2552 nou
990 2506 1085 2566 posset,
1103 2500 1160 2551 sire

139 2601 257 2661 steterat,
271 2596 380 2648 victrice
391 2614 422 2648 ec
436 2595 556 2662 praemio
573 2600 666 2646 oruata
677 2593 790 2645 alteram
802 2596 926 2657 appetere
937 2589 1076 2642 victoriam
1088 2590 1161 2643 haud

140 2688 197 2741 siue
212 2690 327 2761 quedam
345 2687 517 2756 turpitudinis
535 2691 597 2738 nota
614 2685 719 2738 liceret.
752 2683 846 2750 Neque
864 2696 928 2734 vcro
947 2682 1035 2733 solum
1047 2697 1096 2734 sua
1107 2680 1158 2747 ipsi

139 2781 260 2834 dramata
272 2786 365 2848 poetae
379 2787 499 2834 correcta
515 2779 668 2844 ediderunt,
686 2778 732 2829 sod
745 2792 836 2828 eorum
851 2774 933 2826 etiem
945 2772 1068 2826 familiae
1081 2788 1158 2839 repe-

139 2872 201 2925 titae
210 2872 343 2924 maiorum
356 2873 459 2925 fabular
472 2872 709 2938 interpolaverunt:
732 2869 815 2919 douec
829 2865 948 2934 Lycurgi
966 2862 1079 2917 oratorie
1096 2865 1158 2933 lege

138 2969 248 3016 cautum
265 2971 320 3029 est,
344 2981 377 3014 ue
395 2965 478 3015 trium
494 2961 644 3029 principum
661 2960 759 3012 veteris
776 2956 940 3024 tragoediae,
956 2955 1092 3023 Aeschyli,
1108 2956 1158 3009 So-

137 3055 260 3122 phoclis,
277 3053 423 3117 Euripidis,
439 3050 569 3114 reliquiae
585 3050 737 3116 importune
753 3051 932 3098 correctorum
951 3062 1030 3098 muuu
1046 3045 1156 3099 histrio

137 3160 237 3197 cumve
260 3140 369 3193 licentia
391 3139 598 3204 depravarentur
617 3141 653 3207 1).
687 3139 755 3193 liam
772 3137 916 3190 histriones
932 3154 1038 3204 quoque
1053 3138 1155 3204 aliquid

136 3234 190 3288 sibi
208 3233 274 3286 iuris
291 3233 319 3285 iu
337 3237 475 3299 poetarum
493 3247 574 3298 opera
583 3236 743 3299 errogaruot
754 3246 840 3296 nequo
853 3246 915 3282 raro
929 3230 972 3281 vel
983 3247 1063 3281 voces
1076 3247 1165 3295 queo.

136 3329 197 3381 dam
221 3327 265 3379 rel
290 3341 382 3378 versus
407 3328 508 3377 temero
524 3339 571 3376 eeu
589 3322 700 3375 consilio
717 3327 869 3375 mutaruutr
892 3340 945 3389 qua
962 3322 995 3373 de
1012 3338 1042 3374 re
1056 3322 1154 3388 passim

136 3425 237 3470 veteres
255 3418 349 3470 critici
374 3416 577 3468 admonuerunt.
613 3416 705 3482 ltaque
721 3416 773 3467 etsi
789 3415 849 3468 lieri
866 3415 959 3483 potuit,
977 3419 1013 3475 ut,
1030 3412 1076 3478 qui
1095 3429 1154 3464 cor-

137 3515 236 3559 rectum
259 3511 348 3561 ederet
371 3506 510 3570 fabulum,
535 3509 607 3560 ultra
629 3509 774 3560 verborum
799 3522 964 3574 ver-suumve,
983 3505 1007 3558 si
1023 3504 1069 3571 qui
1085 3506 1154 3557 forte

135 3597 206 3650 mele
227 3598 323 3651 tornati
341 3604 444 3661 essent,
462 3597 676 3650 emendationem
693 3616 745 3651 uou
756 3599 972 3667 progrederetur,
990 3602 1078 3650 tarueu
1096 3611 1153 3647 mo-

134 3702 252 3757 guopere
273 3691 419 3742 carendum
436 3698 490 3758 est,
508 3707 551 3755 ue,
568 3675 696 3757 quidquid
713 3706 730 3742 a
746 3691 879 3744 tralaticia
895 3688 1059 3757 quorundam
1075 3685 1152 3738 loeo-

134 3796 194 3832 rum
209 3777 341 3845 scriptura
360 3782 503 3850 discrepat,
527 3783 621 3836 studiis
639 3799 671 3837 ec
688 3782 801 3836 consilio
820 3789 868 3837 aut
881 3783 999 3850 ipsorum
1014 3784 1152 3848 poetarum

154 4032 182 4095 ¹)
200 4028 454 4084 Pseudo-Plutarch·
472 4031 502 4083 V.
522 4032 558 4082 X.
578 4035 649 4083 Orat.
666 4050 694 4099 p.
711 4033 771 4085 841.
790 4037 820 4082 E.
