2610 4546
533 269 748 336 uacuas.
1115 275 1155 337 11
1216 245 1219 249 ’

134 432 304 504 quantumin
314 432 463 488 Hecubam
477 435 505 485 et
515 430 707 484 benevolentia
722 430 838 498 angetur
849 434 877 483 et
888 429 1051 498 sollicitudo,
1067 448 1156 502 neque

133 529 282 582 admiratio
305 528 396 598 magia
415 528 526 594 puellae
545 524 579 576 de
603 523 694 576 medio
711 522 836 574 sublatae
861 528 910 577 aut
926 525 1019 579 odium
1040 525 1158 594 hospitis
1226 513 1230 517 ’

133 621 241 675 animos
257 625 397 686 exercent,
415 637 497 688 qnam
510 622 627 670 matrem
642 619 778 686 lugemus,
793 614 949 671 incredibili
962 620 1081 686 quodam
1096 635 1157 674 ma-

133 715 226 768 lorum
238 713 361 767 omnium
375 729 507 766 concursu
519 725 686 779 oppressam.

205 809 335 861 Consulto
357 813 450 860 autem
474 800 716 874 praetermisimus
739 801 830 854 adhue
857 802 1023 856 mentionem
1053 820 1156 870 eorum,

136 917 208 968 quae
227 902 255 954 in
268 882 329 969 ipsa
342 900 455 952 fabulae
474 896 646 950 conclusione
666 896 808 947 damnatus
820 895 993 965 Polymestor
1006 900 1034 948 ct
1045 895 1158 950 iamiam

136 993 284 1057 moritum
303 990 475 1046 vaticinantis
491 990 521 1042 in
537 990 650 1048 modum
669 989 703 1040 de
721 989 856 1040 Hecubae
877 987 906 1039 in
927 1005 1022 1041 canem
1045 1005 1159 1043 eonver-

135 1102 211 1139 ιιοιιο
229 1090 257 1138 ολ
275 1086 310 1139 de
330 1082 544 1154 Agamemnonis
562 1099 630 1134 nece
648 1082 790 1149 praedicit
825 1082 887 1148 Qua
905 1082 1016 1149 quidem
1031 1099 1064 1135 re
1083 1083 1158 1136 band

133 1178 193 1233 seio
217 1195 252 1232 an
273 1179 419 1246 quiequam
438 1176 590 1245 excogitari
608 1176 727 1244 potnerit
747 1174 841 1244 magis
859 1177 1095 1228 accommodatam
1115 1177 1160 1228 ln-

135 1277 230 1324 ctuoso
243 1271 286 1325 illi
300 1288 334 1323 ae
352 1270 449 1335 debili,
466 1270 538 1337 qnod
552 1269 691 1321 adamavit
702 1268 854 1335 Euripiden,
872 1269 969 1339 generi
988 1268 1158 1339 unguedine.

135 1338 398 1433 simili'prnesogio
416 1365 489 1430 apud
505 1364 694 1415 Homerum
711 1362 891 1414 moribundae
911 1365 1017 1414 Hector
1040 1367 1158 1414 mortem

135 1458 267 1527 praedicit
278 1455 395 1520 Achilli,
419 1454 517 1507 victori
529 1460 628 1507 tumet
642 1470 773 1520 prospera
784 1453 895 1508 for-torna
904 1455 1002 1519 utenti,
1018 1456 1051 1510 Il.
1066 1473 1091 1522 χ,
1105 1454 1159 1509 655

135 1567 203 1618 sqq,
221 1567 303 1618 quem
316 1552 409 1602 locum
417 1548 512 1617 tetigit
523 1548 703 1599 Diodorus
723 1547 866 1600 Siculus
885 1530 981 1612 liVlll,
996 1546 1021 1598 1.
1034 1549 1079 1599 his
1094 1566 1159 1600 ver·

134 1643 193 1696 bis:
212 1641 387 1714 Πυθαγόρας
400 1638 416 1696 ὁ
435 1640 544 1709 Σάμιος
556 1640 606 1694 καί
618 1656 692 1701 τινες
706 1636 794 1709 ἕτερον
811 1640 869 1692 τῶν
887 1641 1017 1695 παλαιῶν
1030 1641 1160 1712 pantanis

134 1733 321 1806 ἀπεφήναντο
334 1735 385 1798 τὰς
395 1732 491 1804 ψυχὰς
501 1735 559 1788 τῶν
572 1729 734 1804 ἀνθρώπων
746 1728 1071 1802 benenevolentiam,
1089 1728 1158 1788 oino-
1245 1742 1247 1746 ⁴

135 1828 257 1893 leidae·
268 1829 299 1886 dd
317 1832 359 1904 aqi
378 1828 498 1900 δόγματι
511 1824 603 1899 τούτῳ
623 1826 671 1881 καλ
690 1818 908 1897 προγιγνώσκειν
926 1826 1015 1891 adeda
1034 1826 1072 1882 τὰ
1091 1826 1159 1896 μέλ·

134 1928 221 1980 λοντοι
232 1919 300 1978 καθ’
313 1918 347 1978 ὃν
362 1919 398 1978 ἂν
409 1921 509 1994 καιρὸν
525 1921 555 1977 ἐν
568 1923 605 1993 τῇ
615 1921 732 1991 τελευτῇ
746 1918 797 1974 τὸν
813 1917 871 1975 cini
885 1923 939 1976 τοῦ
954 1919 1083 1991 σώματος
1101 1941 1160 1991 χω-

132 2015 233 2088 ρισμὸν
243 2017 391 2085 ποιῶνται.
417 2014 538 2076 Τούτοις
549 2013 580 2068 di
594 2014 665 2068 ἔοικε
683 2017 844 2080 συμφωνεῖν
854 2015 904 2070 καὶ
915 2013 930 2069 ὁ
943 2010 1159 2084 ποιητῆςὍμη-

134 2129 192 2181 ρος,
209 2107 389 2178 cognoscique
401 2107 452 2162 rin
465 2105 589 2176 Ἕκτορα
602 2103 676 2159 κατὰ
687 2104 738 2158 τὰν
755 2105 807 2172 τῆς
825 2099 954 2174 τελευτῆς
972 2106 1073 2178 καιρὸν
1090 2127 1159 2179 rspo-

135 2201 251 2271 λέγοντα
261 2203 301 2272 τῷ
311 2195 423 2268 Ἀχιλλεῖ
432 2197 483 2252 τὸν
497 2197 633 2267 μέλλοντα
644 2193 789 2266 συντόμως
805 2194 883 2269 ου’τῷ
895 2197 1158 2270 συνακολουθήσειν

136 2294 276 2352 θάνατον.
311 2295 406 2361 Neque
423 2293 547 2346 dissimili
569 2293 675 2345 ratione
690 2293 834 2344 damnatus
856 2293 968 2361 capitali
989 2294 1089 2348 iudicia
1107 2297 1160 2351 So-

137 2395 226 2443 crates
244 2389 318 2457 apnd
331 2389 513 2440 Platonem
533 2387 612 2455 Apol.
626 2405 653 2455 p.
666 2384 709 2439 39.
722 2387 754 2439 Β.
769 2388 804 2439 ce
822 2385 854 2441 cd
876 2385 915 2442 δὲ’
926 2386 962 2457 δὴ
982 2387 1054 2459 μετὰ
1074 2391 1160 2445 τοῦτο
1200 2411 1203 2419 ’

130 2481 268 2550 ,ἐπιθυμοῖ
278 2479 346 2549 ὑμῖν
359 2482 565 2552 χρησμῳδῆσαι,
579 2471 881 2548 οὖνοιτοψηφιοοὶμενολ
895 2499 960 2549 μου·
973 2483 1022 2537 κοιλ
1035 2480 1088 2554 γάρ
1104 2484 1161 2554 εἰμι

133 2573 191 2647 ἤδη
207 2574 344 2638 ἐνταῦθα,
362 2573 391 2628 ἐν
412 2566 434 2647 qi
451 2569 559 2643 μάλιστ’
574 2569 723 2643 ἅνθρωποι
735 2575 954 2643 χρησμῳδοῦοιν,
972 2564 1160 2644 trecento-
1243 2605 1247 2616 ·

135 2687 180 2726 σιν
194 2663 416 2724 &somniabat
451 2671 513 2720 Hac
527 2667 612 2737 igitur
623 2666 750 2735 opinione
765 2684 845 2719 nemo
858 2685 910 2741 non
922 2668 998 2722 videt
1013 2687 1094 2737 qnam
1111 2687 1161 2738 op-

135 2769 251 2834 portune
264 2780 327 2815 usus
340 2763 375 2816 sit
386 2762 541 2831 Euripides.
576 2761 685 2814 Etenim
702 2761 749 2828 qui
762 2767 809 2813 aut
825 2764 958 2815 Hecubae
973 2763 1001 2814 in
1013 2763 1095 2816 tantis
1114 2780 1162 2816 ae-

107 2909 112 2913 .
134 2859 239 2911 rumnis
256 2859 379 2924 aliquam
397 2855 544 2925 contigisse
557 2873 617 2906 rem
634 2856 778 2908 laetiorem
793 2856 884 2923 ganisi
903 2861 1003 2922 essent,
1021 2863 1068 2908 aut
1085 2857 1162 2925 regis

135 2951 316 3021 potentissimi
326 2952 360 3001 de
375 2950 464 3016 capite
474 2948 549 3016 regis
559 2952 586 3000 et
598 2947 713 2999 fortuma
725 2947 855 2999 iudicium
869 2948 1063 3014 meminissent,
1076 2967 1161 3016 quan·
1174 2933 1179 2938 Α
1256 2980 1269 2984 --

135 3051 165 3097 ta
179 3044 290 3095 tandem
302 3042 437 3112 religione
454 3044 606 3105 quantoque
618 3040 733 3090 horrore
745 3038 872 3105 impletos
885 3041 1035 3112 eredimus,
1054 3043 1077 3094 si
1092 3042 1161 3094 illud

136 3139 245 3201 tempus
265 3133 424 3200 cogitarent,
443 3147 495 3198 quo
515 3147 586 3198 quae
600 3130 628 3183 in
642 3131 726 3200 regiis
745 3129 843 3197 opibus
858 3134 1039 3187 consenuisset
1051 3135 1160 3201 mulier,
1255 3152 1259 3159 ·

125 3228 272 3279 ‘exhausta
292 3225 366 3276 omni
388 3225 524 3275 malorum
546 3225 711 3290 acerbitate,
736 3226 846 3301 tandem
865 3225 894 3277 in
913 3232 1022 3296 turpem
1042 3230 1161 3281 bestiam

136 3325 295 3383 mutaretur,
306 3323 332 3370 et
345 3317 399 3368 dux
415 3317 549 3383 quondam
560 3317 694 3370 Graeciae
706 3334 739 3369 ac
749 3317 837 3370 victor
850 3337 898 3372 rex
910 3320 1061 3374 miserabili
1075 3323 1159 3374 caede

137 3430 170 3465 ac
182 3414 244 3465 dolo
259 3411 383 3480 coniugis
401 3408 603 3478 perimeretur?
635 3411 708 3464 illibi
723 3412 832 3478 quidem
845 3430 916 3480 quaa
929 3419 986 3465 tam
1003 3415 1161 3468 admirabili

135 3510 234 3569 metus,
251 3504 454 3569 admirationis,
476 3503 541 3568 odii,
565 3503 770 3556 misericordiae
784 3511 999 3573 temperamento
1015 3507 1100 3558 mixta
1120 3512 1161 3560 est

136 3597 233 3650 fabula
259 3599 397 3665 aliquanto
422 3601 495 3649 certo
514 3598 575 3664 plus
594 3597 698 3649 habere
718 3597 799 3664 pretii
824 3615 857 3650 ac
880 3599 1019 3668 dignitatis
1043 3598 1159 3665 videtur,

137 3708 219 3759 quam
233 3697 321 3742 essent
340 3691 471 3744 habituro
486 3693 607 3743 lamenta
621 3691 755 3758 quaedam
772 3691 1010 3754 muliercularum
1028 3707 1115 3758 neque
1136 3693 1159 3746 si

137 3789 186 3837 aut
205 3784 240 3837 ab
257 3783 387 3853 Aeschyli
407 3785 478 3837 absit
495 3784 632 3855 gravitate
644 3783 804 3851 Euripides,
830 3790 878 3836 aut
893 3770 972 3837 illam
984 3787 1158 3853 Sophocleae

136 3878 235 3931 Musae
254 3876 418 3929 suavitatem
438 3896 492 3950 non
511 3883 685 3955 assequatur,
709 3876 876 3930 abiiciendns
896 3878 1020 3930 continuo
1041 3880 1076 3931 ad
1095 3880 1159 3932 illos

137 3974 187 4037 eat,
209 3986 324 4039 quorum
336 3971 418 4023 malis
435 3973 583 4025 coercitam
597 3971 741 4026 libidinem
754 3971 947 4038 licentiamque
963 3971 1108 4026 scribendi.
