2610 4546
407 1156 889 1258 auriniaco

238 1364 1055 1467 ΕΚΑΒΗ.1

547 1615 749 1628 -nn—-nu-

484 1834 805 1900 PROOEMIUM.

133 1921 274 2036 Multae
292 2000 376 2051 saepe
394 2001 427 2037 ac
447 2000 549 2054 graves
569 1984 733 2037 Gritieorurn
752 1970 933 2037 dissensiones
957 1978 991 2032 do
1010 1981 1158 2033 verborum

134 2076 336 2147 significatione
357 2082 404 2128 aut
422 2077 456 2128 de
480 2077 637 2145 integritate
655 2077 807 2143 scripturae
832 2072 1014 2126 contentiones
1032 2073 1158 2137 fuerunt3

135 2171 186 2221 sed
204 2169 252 2220 ubi
271 2169 363 2237 magis
387 2169 536 2222 dissideant
554 2168 697 2221 hominum
718 2166 819 2220 iudicia
840 2171 867 2219 et
890 2171 1020 2233 tanquam
1041 2167 1159 2219 advorsa

136 2263 226 2315 fronte
239 2261 397 2330 confligant,
414 2263 490 2315 haud
504 2262 587 2315 facile
600 2261 731 2330 reperias,
748 2260 800 2313 nisi
810 2261 837 2313 in
854 2276 888 2313 cs
905 2263 984 2327 parte
996 2259 1158 2327 intorpreta-

135 2355 225 2419 tionis,
243 2371 313 2421 quaa
328 2361 453 2408 versatur
463 2356 490 2409 in
508 2354 689 2423 disceptandis
701 2354 863 2422 scriptorum
874 2352 1020 2406 virtutibus
1033 2369 1067 2405 ao
1083 2351 1159 2405 vitiis

134 2447 328 2516 erigendisque
341 2450 376 2500 ad
389 2449 455 2502 artis
473 2455 621 2517 praecepte
635 2447 816 2502 monumentis
830 2452 981 2515 poetarum.
1017 2447 1079 2513 Quo
1096 2445 1157 2514 qui·

64 2543 65 2548 ’
135 2542 198 2592 dem
210 2540 238 2591 in
251 2558 351 2610 genere
361 2559 443 2608 quum
456 2544 492 2594 ad
503 2559 614 2594 sensum
625 2544 766 2609 pleraque,
778 2540 891 2592 minime
902 2541 980 2593 illum
991 2539 1157 2606 explicatum

134 2637 163 2685 et
178 2634 296 2699 quodam
311 2632 477 2686 illustratum
493 2634 571 2701 quasi
588 2635 691 2686 lumine
704 2633 816 2686 rationis
833 2638 861 2684 et
877 2629 1016 2693 scientiae,
1032 2626 1158 2678 referan-

135 2730 188 2791 tur,
200 2742 287 2792 neque
302 2729 401 2796 regula
414 2729 550 2794 quaedam
562 2732 637 2780 certa
649 2745 682 2780 ac
694 2726 800 2780 stabilis
813 2724 950 2778 iudicandi
962 2719 1045 2790 possit
1056 2717 1158 2770 consti-

133 2819 188 2872 tui:
208 2820 380 2886 perdifficilis
395 2825 436 2872 est
449 2825 530 2888 atqua
551 2821 683 2891 ambigna
703 2819 819 2872 conditio
840 2819 940 2872 otveri
956 2811 1111 2868 inveniendi
1129 2814 1158 2863 et

134 2912 248 2964 cavendi
264 2912 373 2963 erroris.
409 2912 513 2977 Quodsi
534 2915 593 2980 quis
613 2928 713 2982 pravas
726 2912 810 2965 etiem
826 2927 860 2963 ac
876 2909 1081 2978 praeiudicatae
1097 2902 1157 2971 opi-

60 3076 63 3080 !
134 3005 228 3056 aiones
240 3005 371 3066 attulerit,
389 3020 487 3069 neque,
505 3007 577 3071 qnod
590 3005 694 3056 iaciunt
706 3003 787 3055 multi
804 3018 906 3067 eorm,
924 2999 970 3067 qui
986 2998 1158 3065 antiquorum

134 3097 239 3148 iudices
251 3100 394 3161 poetarum
409 3110 468 3145 esse
487 3097 590 3160 volunt,
609 3099 657 3147 aut
675 3096 738 3162 ipse.
757 3095 896 3147 discedere
909 3093 994 3162 possit
1012 3108 1030 3144 a
1048 3089 1158 3159 placitis

136 3187 300 3254 quibusdam
315 3202 348 3236 ac
367 3186 483 3238 decretis
495 3187 614 3254 illorum,
632 3187 677 3254 qui
690 3188 754 3255 quid
765 3193 840 3241 recte
855 3188 936 3241 fieret
951 3187 979 3239 in
994 3183 1071 3253 poesi
1091 3182 1156 3250 quid
1241 3257 1243 3261 .

135 3298 214 3334 secus
228 3278 387 3348 disciplinae
399 3278 505 3330 ratione
516 3281 787 3348 comprehenderunt,
800 3287 848 3335 aut
860 3282 1014 3348 discrepare
1025 3279 1094 3331 alios
1105 3291 1156 3344 pa·
1179 3341 1183 3347 ἡ

134 3375 231 3428 tiatur:
251 3373 314 3440 quid
327 3370 402 3424 aliud
417 3370 469 3423 nisi
481 3373 567 3423 multa
581 3374 678 3425 eadem
691 3375 725 3426 de
737 3392 768 3426 re
781 3376 836 3429 dici
847 3391 957 3427 necesse
970 3378 1019 3438 est,
1041 3386 1110 3438 quae
1128 3374 1157 3422 et

93 3460 102 3471 ”
135 3471 255 3535 pugnent
268 3467 339 3519 inter
347 3482 383 3522 vse
398 3470 424 3517 et
442 3464 469 3516 in
489 3481 561 3529 eum,
579 3466 613 3517 de
631 3483 683 3532 quo
700 3468 733 3519 fit
749 3468 888 3532 iudicium,
904 3467 995 3533 inique
1012 3459 1156 3518 dicantur?

134 3561 165 3610 id
180 3563 366 3626 autem'quum
378 3558 441 3612 aliis
457 3575 549 3625 saepe,
566 3562 625 3611 tum
637 3559 669 3610 iis
686 3561 805 3612 maxime
825 3561 954 3613 accidisse
973 3558 1090 3620 videtur,
1108 3553 1156 3621 qui

136 3652 169 3703 de
189 3652 302 3720 tragicis
321 3654 491 3705 Graecorum
511 3653 599 3720 poetis
618 3651 794 3719 scripserunt:
820 3653 960 3721 inquibus
978 3669 1031 3702 non
1048 3646 1155 3715 reperio

135 3762 216 3812 quem
238 3749 285 3795 aut
300 3745 427 3798 admirati
442 3746 533 3816 magis
549 3745 601 3797 sint
622 3746 741 3798 nonnulli
758 3753 869 3814 propter
882 3746 1019 3812 quandam
1033 3741 1155 3794 divinam
1199 3738 1203 3745 ’

134 3836 236 3907 ingenii
253 3840 280 3888 et
303 3837 368 3889 artis
379 3839 583 3905 praestantiam,
607 3843 654 3890 aut
667 3839 841 3908 gravioribus
859 3840 906 3891 alii
926 3836 1084 3889 criminibus
1102 3834 1155 3886 im·

134 3930 315 4001 pugnaverint
328 3936 437 3998 praeter
449 3949 520 3998 eum,
533 3932 610 3985 euius
620 3933 674 3984 hoc
682 3933 741 4000 ipso
749 3938 872 4001 tempore
882 3932 1015 3995 fabulam,
1026 3945 1078 3981 noa
1088 3944 1154 3982 saue

135 4026 274 4094 optimam,
291 4025 340 4079 sed
353 4024 491 4092 aliquanto
506 4030 607 4093 tamen,
623 4025 647 4078 si
658 4027 724 4096 quid
735 4027 825 4093 video,
842 4042 925 4094 quam
937 4027 1046 4093 putatur
1057 4020 1155 4075 melie-

818 4118 877 4182 1*
