2610 4546
124 207 176 270 ar
452 215 455 218 ⁴
522 190 777 271 uunrrlnrs

137 365 225 455 ἔδοξ’
246 365 387 462 Ἀχαιοῖς
411 370 514 439 παῖσα
539 366 606 465 σῆν
632 365 831 468 Πολυξένην

1091 386 1164 453 220

138 466 264 566 σφάξαι
288 465 373 564 πρὸς
398 465 507 563 ὀρθάν
530 468 610 565 χῶμ’
633 468 813 565 Ἀχιλλείου
838 470 964 568 τάφου.
1045 556 1047 561 ,

138 571 227 670 ῆμᾶς
250 571 287 644 di
314 569 473 663 πομσοιλς
497 576 554 644 καλ
577 581 780 671 κομιστῆρας
805 570 909 672 κόρης

137 673 323 747 τάσσουσιν
346 669 438 746 εἶναι·
463 674 617 768 θύματος
642 673 673 748 d’
697 673 871 772 ἐπιστάτης

137 775 247 870 ἱερεύς
270 772 302 878 τί
323 775 441 872 ἐπέστη
463 781 563 849 τοῦδε
588 785 667 866 ταῖς
690 775 868 872 Ἀχιλλέως.

140 874 232 950 οἷσθ’
257 879 322 950 οὐν
346 875 367 949 ὃ
392 881 538 971 optram
562 875 636 975 μήτ’
659 876 886 975 ἆπθσπασθῇέ·
909 881 967 981 {le

1056 982 1060 989 Ι
1092 894 1164 962 aas

138 976 214 1078 μήτ’
239 978 272 1067 ἐς
296 984 400 1073 χεροῖν
425 975 566 1071 άμιλλαν
590 977 726 1074 ἐξέλῆης
750 981 831 1074 ἐμοί·

137 1083 296 1177 γίγνωσκε
319 1077 351 1152 d'
374 1077 481 1178 άλκῆν
503 1082 560 1154 καλ
581 1083 773 1186 παρουσίαν
797 1088 910 1155 κακοῖν

138 1188 205 1259 τοῖν
229 1186 308 1255 σοῖν.
346 1180 458 1277 σοφόν
479 1210 532 1256 τοι
556 1180 619 1255 κάν
642 1191 760 1274 κακοῖς
784 1181 806 1256 ἃ
831 1190 884 1258 δεῖ
905 1193 1055 1281 φρονεῖν.
1081 1236 1089 1259 .

549 1284 751 1359 ΕΚΑΒΗ.

140 1384 219 1454 αἰαῖ·
245 1379 432 1480 ταρέστηχ’,
460 1381 508 1474 οῖς
532 1385 620 1476 ἔοικ’,
646 1384 737 1484 άγολν
760 1387 870 1483 με’χας,

138 1481 272 1582 πλήρης
296 1493 493 1581 στεναγμῶν,
518 1486 600 1561 οὐδὲ
620 1489 779 1584 δακρύων
803 1487 908 1576 κενάς.

1091 1500 1164 1570 230

139 1583 229 1682 κάγολ
254 1583 318 1683 γάρ
341 1585 409 1660 ουίι
431 1589 599 1688 ἔθνησκον
625 1580 672 1664 οὗ
696 1589 729 1687 μ’
754 1591 853 1689 ἐχρῆν
876 1596 1003 1680 θανεῖν,

208 1771 233 1804 r.
251 1753 312 1804 231.
347 1755 379 1804 L.
397 1755 613 1808 Dindorfius
632 1759 701 1808 coni.
720 1754 822 1827 κᾶγωγ’
841 1752 900 1829 άρ’;
927 1759 1000 1827 quod
1023 1778 1102 1813 nemo
1122 1781 1165 1814 es·

140 1831 192 1887 cet,
210 1820 252 1871 cui
270 1838 298 1870 se
316 1822 499 1889 aequipararet
513 1826 632 1876 Hecuba.
663 1827 709 1876 Est
721 1844 793 1880 vcro.
826 1829 980 1894 Quanquam
991 1846 1024 1879 ne
1035 1841 1094 1881 tum
1107 1833 1166 1898 qui-

141 1891 209 1952 dem,
228 1889 250 1938 si
265 1890 425 1955 reprehendi
443 1903 537 1957 posset
550 1894 682 1960 vulgatum
697 1890 783 1962 κάγαῖ,
801 1896 942 1963 probarem
956 1898 1081 1964 equidem
1098 1917 1164 1952 con-

140 1959 269 2009 iecturam
284 1957 440 2009 Dindorl'
443 1959 482 2022 ii,
500 1979 580 2030 quum
596 1962 622 2012 in
637 1963 767 2015 eiusmodi
782 1965 922 2027 sententia,
942 1967 1047 2032 qualem
1058 1968 1108 2018 ille
1121 1986 1165 2020 rc-

141 2027 230 2096 quirit,
238 2043 386 2094 pronomen
398 2027 500 2092 abesse,
514 2039 586 2081 certe
598 2031 706 2098 quidem
719 2033 835 2085 eiusvim
844 2052 898 2085 non
908 2036 995 2100 augeri
1004 2037 1164 2103 oportuerit.

140 2211 206 2264 779:
227 2204 279 2264 ὅθι
296 2225 342 2264 σοι
365 2211 479 2280 Πνεῦμα
497 2217 628 2282 μεθεῖναι

139 2281 240 2348 ψῆφος
252 2276 385 2350 ἐκράνθη.
404 2283 530 2334 Androm.
545 2286 625 2336 1271:

139 2349 226 2402 πᾶσιν
233 2346 285 2416 γάρ
295 2344 489 2418 άνθραῖττοισιν
496 2345 548 2418 ἥδε
555 2350 626 2419 rupis

139 2417 218 2471 θεῶν
235 2418 337 2484 Ψῆφος
349 2418 506 2489 κέκρανται,
515 2421 625 2473 κατθα-

140 2489 201 2540 νεῖν
213 2480 365 2549 άφεὶλεται.

174 2557 277 2609 um.
313 2558 407 2622 lunge:
444 2553 576 2625 θεάματος
595 2553 627 2611 di

140 2624 226 2678 τοῦδε
240 2620 389 2691 ἐπιστάτης
401 2636 451 2676 etc.

174 2694 273 2744 unat.
300 2689 398 2747 οἷσθ’
417 2683 483 2745 σάν
501 2687 517 2744 ii
535 2693 625 2763 δρά-

141 2759 235 2826 nom]
255 2763 346 2813 Scisne
361 2762 442 2828 igitur
453 2761 518 2828 qnid
535 2761 624 2812 facere

140 2840 167 2880 te
182 2830 282 2880 velim?
301 2831 432 2898 Originum
442 2829 624 2879 hniurdictio-

139 2899 182 2949 nis
203 2900 331 2965 explicuit
351 2901 565 2950 Hermannus
591 2897 625 2948 ad

141 2968 198 3035 Vig.
213 2986 239 3036 p.
258 2969 318 3021 740.
335 2987 368 3018 ex
386 2969 543 3019 traiectione
563 2984 625 3017 ver-

139 3036 244 3099 borum,
254 3055 365 3104 quorum
372 3037 416 3088 hic
427 3037 494 3089 ordo
510 3055 567 3089 esse
575 3037 626 3087 de-

141 3104 248 3154 buerat:
268 3106 373 3172 δράσον
385 3102 461 3159 οἷσθ’
475 3100 505 3169 5¹,-
528 3109 626 3157 Exem-

139 3171 185 3238 pla
200 3173 260 3222 vide
279 3174 393 3223 collecta
409 3175 442 3224 ab
458 3174 572 3226 Elmsl.
592 3175 626 3225 ad

140 3239 447 3305 Soph.Oed.T.5⁴lS.-
466 3237 626 3295 οἶκοσκα-

139 3309 248 3378 σθῆς,
268 3304 438 3378 άφαιρεθῆς.
464 3311 626 3375 Sophocl.

141 3376 206 3427 Oad.
222 3375 279 3426 Col.
292 3376 354 3428 866:
378 3372 409 3438 ῖς
427 3371 465 3444 μ’,
491 3368 513 3428 ui
542 3373 625 3429 κάκι-

140 3460 197 3506 στε,
206 3438 364 3512 ηιλὸνὸμμ’
373 3441 540 3506 ἀποσπάσας
549 3443 625 3516 Πρὸς

140 3509 262 3581 ὄμμασιν
286 3518 348 3574 τοῖς
370 3511 497 3583 πρόσθεν
526 3514 626 3582 ἐξοίχει

140 3582 197 3655 βῖμ.
216 3582 256 3632 ef.
271 3582 441 3634 Troadum.
465 3583 625 3653 Xenoph.

141 3651 219 3719 aph.
236 3653 258 3714 ι,
274 3651 314 3702 11.
331 3668 357 3717 p.
373 3652 416 3716 νο,
432 3653 472 3705 14.

174 3720 274 3771 κλῖῖ.
310 3719 483 3785 γίγνωσκε
505 3715 538 3775 δ’
563 3714 626 3775 α’λ-

140 3783 225 3855 κῆν]
262 3787 423 3851 Considera,
446 3792 511 3859 quid
531 3792 627 3842 virium

140 3853 247 3921 habeas,
264 3856 292 3906 id
310 3867 365 3921 est,
384 3871 479 3926 reputa
501 3862 573 3912 omni
597 3870 625 3910 te

141 3922 293 3975 destitutam
317 3928 460 3993 praesidio.
496 3931 624 3980 Androm.

142 3992 212 4081 1263
224 3994 316 4078 γυαῖθχ
332 3991 435 4066 τάχαν,
462 3997 572 4067 λόγισαι
590 3993 624 4050 τὸ

139 4080 234 4132 τιαρον
245 4083 343 4118 κακον.

142 4155 145 4162 ’
174 4133 272 4188 aaa&
297 4132 415 4204 σοφόν
433 4136 506 4206 τοι]
532 4135 623 4197 „Par-

141 4199 250 4255 ticulam
261 4205 337 4259 τοιία
347 4208 450 4274 gnomis
463 4214 550 4256 amant
559 4205 625 4254 Tra-

677 2219 759 2284 gici.’'
790 2218 926 2269 Persou.
957 2218 1164 2274 Vidlleind.

676 2286 745 2336 Plat.
759 2287 864 2348 Protag.
876 2303 900 2346 p.
914 2285 973 2334 597.

709 2369 733 2400 v.
746 2353 804 2400 231.
824 2352 859 2399 Ea
875 2351 953 2413 longe
961 2351 1109 2401 miserrima
1121 2366 1167 2404 est

675 2417 804 2476 conditio,
823 2415 855 2476 si,
873 2416 916 2479 cui
928 2415 1055 2481 opitulari
1074 2428 1102 2468 et
1114 2436 1164 2468 re·

673 2485 708 2537 lis
734 2495 760 2536 et
785 2483 898 2549 debeas,
930 2484 954 2533 ei
980 2493 1094 2551 propter
1113 2496 1165 2538 tua

675 2553 835 2622 ipsiusmala
843 2553 972 2618 prodesse
983 2569 1110 2618 nequeas.
1124 2559 1165 2607 Ac

674 2624 737 2674 talis
753 2633 794 2674 est
804 2624 928 2671 Hecubae
943 2621 1065 2681 fortuna,
1084 2641 1164 2692 quae,

676 2710 757 2759 quum
775 2691 857 2741 filiam
879 2690 907 2740 in
932 2690 1000 2740 vitae
1019 2690 1164 2745 discrimen

676 2760 816 2810 adductam
837 2758 958 2825 periculo
978 2758 1094 2810 liberare
1113 2778 1164 2811 cu-

674 2827 745 2894 piat,
771 2836 814 2877 tot
833 2827 967 2893 tantisque
980 2845 1009 2877 se
1031 2831 1057 2878 et
1077 2829 1163 2897 ipsam

674 2895 787 2946 miseriis
800 2895 887 2962 urgeri
903 2896 997 2962 sentit,
1022 2907 1064 2957 ut,
1089 2916 1161 2964 quo-

674 2965 755 3015 modo
764 2963 839 3014 illam
848 2975 971 3032 ereptura
986 2965 1030 3027 sit,
1040 2965 1113 3017 haud
1123 2967 1163 3018 fa-

677 3034 728 3085 cila
741 3033 854 3101 intelligi
869 3031 963 3100 possit.
995 3037 1094 3085 Sensus
1109 3037 1164 3102 igi-

675 3113 720 3154 tur
738 3113 792 3154 est:
819 3104 904 3154 Grave
922 3103 1004 3153 instat
1020 3115 1162 3169 certamen,

675 3173 749 3240 quod
768 3189 831 3238 ego,
853 3189 921 3240 quae
937 3172 996 3223 sola
1009 3172 1161 3238 Polyxenus

673 3241 769 3295 ¹salutis
780 3259 841 3308 spes
851 3241 1061 3307 relinquebatur,
1069 3251 1096 3292 et
1104 3242 1162 3310 ipsa

675 3327 848 3361 mrserasum.

710 3379 814 3429 uara.
848 3377 911 3429 rori
933 3374 1067 3446 χρόνου
1098 3375 1162 3499 γάρ

676 3441 716 3500 oti
736 3445 881 3514 φθονοῖ]
900 3446 958 3494 Ηοο
974 3446 1040 3509 vult,
1060 3446 1141 3516 siqui

677 3534 710 3566 ex
726 3531 801 3564 mora
817 3513 905 3564 solatii
921 3513 1059 3579 percipere
1077 3516 1162 3582 possit

677 3582 795 3646 Hecuba,
809 3583 837 3630 id
850 3579 1025 3631 relabentem
1037 3584 1080 3635 illi
1096 3602 1162 3636 con·

678 3652 787 3703 cedere:
826 3648 961 3698 decretum
994 3653 1161 3718 Argivorum,

676 3717 771 3781 vereri,
789 3725 819 3765 ut
833 3716 994 3768 labefactare
1011 3732 1100 3787 queat.
1121 3725 1161 3772 De

677 3783 876 3839 constructione
894 3787 967 3844 uerbi
984 3792 1107 3856 φθονεῖν
1124 3791 1160 3842 cf.

675 3857 760 3906 Xen.
778 3853 887 3906 Conviv.
901 3857 989 3920 1512:
1013 3853 1084 3912 άλλά
1096 3855 1161 3926 μέν·
1205 3869 1209 3874 ’

674 3941 729 3985 τοι,
752 3911 904 3995 οῖάνδρες,
928 3923 1043 3996 αἰσχρὸν
1064 3924 1162 3998 στέγης

673 4009 704 4061 γε
724 3993 880 4059 φθονῆσαι.
907 3995 993 4046 Plat.
1005 3998 1113 4064 Protag.
1131 4014 1159 4066 p.

675 4064 735 4114 327.
746 4066 777 4113 A.
793 4064 828 4113 al.

708 4149 733 4184 v.
742 4132 899 4185 asa-alt.
913 4136 1015 4181 Auctor
1028 4132 1161 4184 narratio·

674 4202 715 4254 nis
732 4203 765 4254 de
778 4202 857 4253 Ulixe
876 4199 1051 4269 speculatoris
1067 4201 1160 4254 habitu
