2610 4546
132 274 173 334 τι
273 237 275 242 ’
514 269 770 333 uunrrrurs

489 432 809 502 ΠΑΙΛΑΓΩΓΟΣ.

134 532 185 617 τίς
208 526 238 600 δ’
263 525 340 621 οὐχὶ
363 530 521 624 daphnim
545 526 619 624 ἄρτι
642 528 835 624 γιγνώσκεις
859 528 946 618 τόδε,

136 627 183 716 aig
204 634 272 717 πᾶς
295 655 345 716 τις
371 625 474 700 αὐτὸν
499 636 564 701 τοῦ
587 630 690 716 πέλας
714 634 842 722 μᾶλλον
865 637 966 724 φιλεῖ,

138 731 172 800 οἱ
196 731 255 821 μέν
278 729 424 815 δικαίως,
450 730 483 800 ol
507 731 545 801 δὲ
567 733 624 801 καὶ
649 730 792 822 κέρδους
813 729 920 824 χάριν,

137 831 167 900 tl
189 827 308 915 τοώςδε
332 826 362 923 γ’
387 826 489 925 εὐνῆς
513 824 622 900 οὕνεκ’
647 827 692 900 οὐ
716 829 841 923 στέργει
865 828 997 928 κατήρς

1109 538 1175 607 85-

547 932 755 1000 ΤΡΟΦΟΣ.

138 1025 189 1116 lr’,
215 1017 255 1100 ati
279 1025 343 1122 γὰρ
368 1027 467 1114 ἔσται,
493 1027 652 1122 δωμάτων
676 1028 751 1117 ἔσω,
775 1026 884 1100 τέκνα.

140 1125 187 1199 οὐ
212 1125 242 1199 δ’
267 1125 312 1214 ὦς
336 1126 476 1218 μάλιστα
500 1127 611 1216 τούςδ
636 1127 808 1222 ἐρημώσας
831 1129 891 1221 ἔχε,

1006 1157 1014 1172 ·
1113 1137 1162 1205 90

140 1229 199 1298 καὶ
223 1225 269 1322 μὴ
294 1226 412 1316 πέλαζε
436 1230 535 1324 μητρὶ
560 1228 835 1322 δυςδυμουμένγ.

206 1439 231 1476 r.
242 1423 284 1474 85.
309 1421 352 1483 τίς
369 1419 461 1490 δὀιέγέ
479 1423 623 1492 θνητώνς]
651 1421 748 1484 Οᾶτως
765 1417 970 1488 ἀναγνωστέον·
987 1420 1041 1484 τίς
1058 1421 1085 1475 δ’
1104 1416 1162 1477 cti·

138 1488 174 1557 χὶ
196 1490 352 1558 θνητώνς
382 1490 430 1543 καὶ
453 1490 588 1545 στικτέον.
614 1487 676 1545 εἶτα
699 1488 755 1544 clud
774 1486 857 1555 ἄλλης
881 1486 981 1557 nictit·
1006 1483 1088 1558 ἄρτι
1104 1508 1162 1556 γι·

138 1553 294 1618 νώσιιεις
310 1555 405 1612 τόδε.
429 1556 473 1611 διδ
492 1559 539 1612 καὶ
556 1558 626 1626 μετὰ
643 1559 697 1612 τοῦ
714 1574 730 1610 σ
746 1557 898 1646 γραπτέον,
917 1553 992 1607 οἷον·
1020 1558 1074 1619 τίς
1097 1555 1160 1610 criu

138 1622 426 1686 detinuistis
449 1627 599 1693 φίλους,Ι
626 1624 687 1680 εἶτα
705 1624 736 1679 τὸ
755 1644 841 1695 αρτι
858 1619 1049 1691 γινώσκεις
1069 1621 1163 1710 τόδε,ἶ

140 1690 202 1745 οἷον
226 1689 308 1763 ἄρτι
331 1689 498 1758 ἔγνωκας,
529 1690 586 1746 ὅτι
610 1692 763 1755 {evectio
789 1693 925 1760 μᾶλλον
949 1692 1119 1757 φιλοῦσιν
1144 1711 1162 1761 κγ

139 1757 227 1818 τοὺς
251 1758 367 1819 πέλας.
405 1759 441 1812 Oi
459 1759 489 1812 δὲ
506 1759 656 1831 ὑποκριταὶ
673 1762 758 1814 τοῦτο
786 1755 973 1824 ἀγνοήσαντες
993 1756 1026 1812 τὸ
1044 1759 1095 1827 τῆς
1112 1753 1163 1811 ἄν·

138 1825 316 1892 τιδιαστοδῆς
332 1826 531 1893 precatricem
550 1830 589 1888 εἰς
613 1828 645 1882 τὸ
669 1829 726 1889 τίς
744 1830 770 1880 δ’
789 1823 869 1893 οὐχὶ
885 1827 1037 1892 θνητῶν
1054 1827 1163 1879 τοῦτο

139 1889 313 1960 γινώσκει
330 1895 460 1958 carptim
488 1896 604 1946 Schol.
619 1897 652 1946 ad
667 1897 721 1947 h.l.
742 1896 904 1962 scripturam
916 1893 1039 1944 videlicet
1054 1912 1068 1944 a
1082 1895 1163 1945 schc-

138 1962 217 2012 liasta
229 1961 434 2011 commendatam
453 1961 550 2012 habent
564 1965 640 2018 llum.
659 1965 803 2015 A.B.D.E.
823 1962 915 2012 l’ariss.
932 1978 1032 2024 omnes,
1050 1963 1165 2013 Floren-

138 2029 203 2095 tini,
222 2030 305 2079 Havn.
324 2028 400 2078 Lasc.
418 2033 447 2081 B.
467 2030 565 2080 Contra
583 2033 659 2082 Rom.
681 2033 710 2081 G.
729 2033 808 2080 Bam.
826 2031 901 2079 Lasc.
919 2033 950 2078 A.
968 2027 1098 2094 γινώσκει
1113 2030 1164 2079 ha-

139 2095 219 2159 beot,
242 2097 270 2146 id
293 2097 367 2162 quod
389 2107 430 2148 est
453 2098 480 2146 iu
505 2099 582 2148 Rom.
607 2103 637 2148 A.
662 2098 689 2148 in
707 2098 822 2163 margine
846 2107 872 2146 et
897 2097 924 2145 in
943 2097 1018 2146 Rom.
1039 2099 1067 2145 B.
1085 2113 1164 2162 supra

140 2163 276 2228 scriptum.
311 2163 379 2212 Hinc
400 2165 595 2230 interpolarunt
612 2167 764 2231 histriones,
781 2175 812 2214 nt
829 2165 912 2213 refert
930 2162 1082 2222 scholiasta,
1102 2164 1164 2214 satis

139 2230 289 2280 audaciter:
324 2230 373 2288 Τίς
390 2232 415 2284 δ’
436 2230 498 2295 ον’χὶ
521 2233 637 2299 θνητῶν
659 2235 744 2285 τοῦτο
771 2232 813 2298 (id
830 2239 989 2296 reponentes
1012 2249 1061 2296 pro
1086 2226 1163 2299 ἄρτι)

138 2293 267 2362 γινώσκει
284 2296 390 2360 σαφώς.
415 2297 446 2348 R.
465 2299 501 2347 K.

141 2461 318 2526 dignissimum
332 2475 401 2523 eum,
419 2460 465 2526 qui
476 2460 557 2510 exitio
575 2462 625 2512 de-

139 2539 277 2589 voventur,
294 2527 403 2590 iudicat,
420 2528 467 2578 sed
482 2528 571 2578 eadem
582 2538 624 2579 ta-

139 2612 199 2648 men
219 2595 354 2646 dominum
373 2594 449 2644 illum
474 2613 529 2645 esse
550 2613 625 2646 suum

141 2663 278 2727 cogitans,
296 2679 372 2728 quem
392 2662 479 2728 impiis
493 2664 562 2713 votis
575 2682 624 2730 pe-

139 2729 222 2779 titura
244 2740 313 2792 erat,
345 2729 459 2794 liugnam
476 2743 581 2782 coercet
600 2740 626 2781 et

139 2796 286 2846 lenioribus
306 2796 393 2846 verbis
413 2797 549 2863 perfidiam
569 2799 625 2848 eius

140 2863 319 2930 reprehendit.
339 2864 499 2915 Vernacule:
517 2866 579 2915 Flu
589 2864 627 2914 ch

140 2931 626 2991 ihm—dochneiu3dennmein

141 2999 550 3052 Gebieteristerdoch.
586 3000 628 3050 Cf.

140 3066 250 3116 Herm.
282 3067 316 3115 ad
340 3067 422 3132 Soph.
448 3069 544 3120 Trach.
568 3068 627 3120 382.

142 3131 259 3197 [Dicitur
287 3132 355 3180 illud
372 3142 460 3183 tamen
479 3136 506 3183 in
527 3137 629 3184 Graeca

141 3197 262 3248 oratione
284 3198 366 3263 paulo
388 3198 473 3250 lenius
500 3219 577 3267 quam
600 3202 627 3251 in

139 3264 288 3316 imitatione
299 3265 466 3324 Germanica3
481 3279 520 3317 est
531 3270 626 3335 proin-

45 3354 47 3358 ⁴
142 3332 175 3382 de
183 3332 258 3398 quasi
267 3331 359 3380 Latine
370 3333 455 3382 dicas:
470 3334 541 3382 Non
555 3351 628 3400 pre-

141 3414 203 3479 cor
220 3398 365 3478 quidem,
379 3409 415 3448 ut
431 3409 559 3466 pereat,
572 3401 629 3451 do-

141 3483 250 3516 minus
274 3482 360 3515 enim
385 3476 435 3516 est
456 3484 555 3533 meus,
573 3485 627 3517 ve·

92 3593 95 3599 ⁵
142 3543 339 3584 rumtamen
363 3533 627 3601 pessimuserga

143 3600 281 3652 amicos
317 3599 627 3666 deprehenditur.

143 3668 263 3787 valgb'
291 3729 356 3804 ἄρτι
373 3733 533 3803 γιγνώσκεις
550 3734 626 3804 τόδε]

140 3804 267 3884 ξνοοιοιισ
277 3820 326 3884 ρτρ
337 3805 491 3869 praeterito.
503 3806 629 3855 Similiter

141 3871 421 4005 itittttittttl
423 3872 627 3991 ·1.{{‘.'·..¹{t⁰.⁰l.·

141 4005 236 4056 tentia:
254 4008 288 4056 Se
305 4007 415 4074 quisque
435 4008 539 4058 maximi
548 4006 628 4066 facit,

141 4072 189 4125 sed
207 4073 237 4124 id
259 4073 298 4132 ab'
315 4075 376 4137 eliis
393 4076 430 4128 ita
448 4077 492 4143 fit,
511 4084 540 4125 ut
560 4073 627 4125 nihil

675 2471 766 2513 contra
779 2461 818 2511 faa
826 2461 975 2526 iustumque
985 2459 1166 2526 committant3

676 2530 737 2591 alii,
756 2529 818 2579 dum
832 2528 936 2579 lucrum
957 2527 1078 2593 capiant,
1098 2528 1165 2579 nihil

675 2597 751 2664 pensi
765 2597 874 2659 habent,
893 2606 922 2646 ut
933 2597 1021 2661 lason,
1036 2595 1164 2665 siquidem

675 2665 719 2714 hic
738 2664 870 2731 splendidi
890 2663 1049 2713 matrimonii
1068 2665 1165 2714 condi·

674 2735 749 2782 tione
760 2730 850 2783 oblata
861 2731 979 2780 debitum
988 2730 1078 2781 liberis
1091 2748 1166 2782 amo·

676 2816 731 2848 rem
745 2816 798 2848 non
812 2806 937 2864 praestat.

710 2882 735 2914 v.
749 2866 791 2917 86.
817 2863 966 2914 Scholiasta
982 2864 1063 2914 dicit:
1082 2866 1119 2934 τῇ
1135 2860 1166 2918 δὲ

677 2932 791 3002 διανοίᾳ
819 2927 908 2998 ταύτῃ
937 2928 985 2981 καὶ
1013 2929 1043 2982 έν
1072 2935 1163 2996 Κρε-

678 2997 743 3066 σφᾶ
751 3017 811 3068 m]
823 2999 926 3066 [iragm.
934 2999 983 3048 IX.
994 3000 1070 3048 Tom.
1081 2999 1128 3048 tx.
1138 3017 1165 3066 p.

680 3071 737 3121 125.
753 3066 909 3133 ed.Matth.]
927 3063 1055 3134 κέχρηται
1067 3060 1166 3127 ciccae·

677 3128 1167 3204 Ἐκεῒνογᾶρνιέιιονδ’,ἄντιρ

678 3198 838 3264 ἄναντες
866 3202 1007 3271 βροτοί·
1046 3203 1168 3254 uitus

677 3266 814 3338 μάλιστ’
838 3267 997 3336 έμοιντδν
1020 3264 1082 3319 cain
1105 3268 1166 3318 ct-

677 3336 877 3454 iii.'⁰.ir“ir
906 3335 987 3450 lidi
1002 3334 1166 3470 Τιῗῖἓᾚῖἶῗ

677 3471 800 3520 Verum
823 3468 919 3520 illud
942 3468 1083 3518 verbum
1107 3479 1168 3532 est,

677 3537 911 3605 vulgo-quod
946 3534 1024 3584 dici
1060 3536 1166 3597 solet,

678 3609 798 3656 Omnes
824 3602 892 3653 sibi
915 3602 1018 3653 malle
1043 3604 1165 3654 melius

678 3690 756 3725 esse
775 3685 869 3735 quant
887 3669 1003 3722 alteri.
1021 3672 1052 3721 R.
1065 3671 1100 3721 K.

712 3757 737 3787 v.
747 3737 789 3788 et.
806 3735 833 3788 ol
845 3734 932 3791 δὲκαὶ
942 3734 1058 3809 κέρδους
1067 3735 1160 3806 χάριν]

678 3804 806 3867 Quoniam
814 3805 859 3870 qui
872 3807 1056 3858 tantummodo
1069 3823 1166 3874 quae·

677 3882 752 3922 stus
770 3889 871 3923 causa
889 3874 941 3940 agit
954 3874 1068 3940 aliquid,
1083 3873 1163 3924 facile

678 3940 722 4006 id,
740 3941 813 4006 quod
832 3957 942 4008 aequum
964 3951 992 3990 et
1002 3941 1100 3990 bonnm
1115 3951 1164 4008 est,

677 4025 775 4074 susque
789 4009 875 4077 deque
888 4010 977 4073 habet,
995 4009 1095 4057 factum
1115 4016 1165 4069 est,

677 4086 706 4142 ut
721 4077 815 4143 Graeci
830 4077 935 4140 nomina
950 4075 1015 4144 δίκη
1029 4085 1057 4127 et
1068 4074 1167 4145 κέρδος
