2610 4546
559 261 740 325 MEDEA.
1120 281 1151 326 rx

133 425 208 477 sniis
223 425 340 492 cogente
352 420 410 474 'siis
427 435 528 485 reuss,
552 435 614 473 enm
631 424 726 486 aperte
742 417 844 471 diceret
859 417 986 472 medium
1001 417 1151 474 iiber-cmm

133 531 242 568 norum
257 516 381 567 eaedem!
400 514 495 580 ltnqne
507 529 560 564 non
573 511 673 579 poterit
683 510 811 574 debituri,
821 511 886 577 'quin
898 511 947 564 ilie
960 526 1014 564 vos
1028 511 1055 564 iu
1067 528 1096 565 v.
1106 511 1151 564 40.

133 610 169 661 sd
179 624 243 661 enm
258 607 349 674 ipsum
363 620 507 673 perronem
525 604 667 672 pertinent,
685 618 767 669 quem
780 604 880 655 Medee
895 609 958 656 ente
972 620 1066 656 omncs
1081 621 1152 657 runc

132 698 160 752 in
178 700 239 771 edio
256 700 362 751 hebere
379 698 510 761 debebat,
532 696 560 749 id
583 701 640 761 est,
663 696 699 748 ud
714 697 837 748 Creontis
852 695 961 749 illium(
983 698 1063 748 Hanc
1080 698 1151 751 enim

133 792 157 844 si
171 791 268 844 ulcisci
289 793 375 844 vellet
391 794 467 843 inme
484 790 598 854 coniux,
623 804 676 839 nun
692 791 800 855 poteret
823 804 874 855 pre
891 787 966 840 iliius
978 788 1080 840 eetstis
1091 805 1151 841 me·

132 883 209 936 tibur
225 882 343 934 crudetis
362 882 445 933 nimis
468 887 495 934 et
519 879 697 950 sanguinario
719 879 815 932 videri.
857 881 888 934 Si
905 881 966 947 quis
989 880 1151 933 nutem'fm

133 975 221 1041 dicet,
241 988 293 1027 non
310 980 392 1042 posse
408 991 442 1026 es
458 976 546 1026 verbe
560 973 657 1026 referri
676 974 711 1025 nd
729 974 860 1038 Glaucen,
883 973 974 1025 sinon
992 973 1152 1040 explicati·

133 1074 178 1120 tes
199 1067 399 1132 declararetur,
415 1067 444 1119 id
461 1067 550 1134 ipsum
567 1071 622 1132 est,
645 1067 715 1134 quod
733 1070 841 1133 poteret
857 1065 965 1119 criticos
980 1076 1102 1132 movere,
1116 1066 1152 1118 n'd

133 1176 244 1214 versum
259 1164 430 1228 sequentem:
1127 1184 1130 1189 ·
1175 1168 1178 1173 ·

205 1280 208 1287 ·
286 1253 349 1323 σιγῇ
364 1251 470 1318 δόμους
486 1249 596 1322 ιίςβᾶσ’,
613 1248 647 1304 i'u'
665 1249 798 1321 ἔινρωται
814 1248 899 1318 λέχος,

133 1360 184 1412 pro
205 1345 350 1397 subditicio
374 1346 514 1397 haberent
558 1345 622 1398 Sine
648 1361 681 1395 eo
706 1344 779 1396 enim
795 1359 877 1396 versu
893 1359 946 1394 nou
961 1344 1088 1410 poterent
1101 1341 1152 1396 iil}
1176 1387 1179 1393 .

133 1436 221 1488 verbe
240 1438 298 1488 ulio
321 1438 403 1488 modo
425 1440 500 1488 recte
521 1435 648 1505 intelligi.
690 1436 783 1503 Neque
809 1437 882 1488 euim
906 1436 943 1487 ed
960 1435 1062 1489 liberos
1076 1440 1151 1489 recte
1261 1500 1267 1510 ¹

134 1527 183 1580 illo
203 1531 290 1580 verbe
315 1529 468 1581 referentur
490 1531 573 1581 etiem
602 1533 713 1596 propter
740 1529 832 1596 ipsum
859 1529 1007 1580 verberum
1039 1534 1150 1580 censent

134 1635 167 1672 sc
184 1619 333 1685 rationem,
352 1637 435 1686 quum
452 1636 494 1683 eu,
514 1636 582 1686 quae
600 1620 722 1686 proximo
741 1621 908 1684 antecedunt,
925 1636 979 1670 non
997 1620 1030 1671 de
1049 1621 1152 1687 liberis,

133 1712 179 1762 scd
207 1712 241 1763 de
271 1710 398 1762 universo
419 1712 536 1763 Medeae
558 1715 629 1762 'stetu
660 1717 686 1763 et
715 1711 866 1763 conditione
896 1709 1032 1776 dicentur,
1063 1729 1149 1778 neque

133 1820 210 1869 vero,
236 1804 305 1869 quod
323 1804 394 1871 Aug.
412 1802 748 1866 Matthieevoiuitfulso‚
767 1803 907 1871 adipsum
924 1803 1060 1855 Medeam.
1096 1805 1151 1858 Ne·
1221 1793 1225 1802 ¹

134 1912 180 1950 mo
197 1896 278 1959 enim,
296 1912 349 1947 non
368 1897 459 1949 oddito
477 1897 635 1964 pronomine
652 1895 793 1959 reflexim,
812 1900 919 1962 poteret
936 1896 1069 1962 suspicari
1086 1915 1150 1951 eue-

135 1988 197 2040 dem
228 1987 314 2054 ipsius
344 1989 458 2040 Medeae
490 1988 617 2058 intelligi.
667 1988 851 2055 Quamobrem
875 2002 928 2037 una
948 1993 1033 2040 restet
1064 2006 1153 2057 eaque

133 2080 288 2132 reomaus
309 2080 394 2145 notio,
420 2086 450 2133 ut
471 2087 579 2133 serveto
602 2099 629 2134 v.
646 2078 689 2130 41.
712 2081 782 2130 hoec
799 2078 953 2130 referuntur
976 2081 1011 2132 ed
1028 2082 1151 2136 (inentis

134 2172 236 2238 tilium,
259 2173 335 2224 euius
357 2175 469 2226 eaedem
494 2174 638 2223 meditetur
660 2171 769 2223 Medea.
811 2172 889 2221 Haec
913 2171 987 2223 cuim
1012 2173 1069 2225 iilis
1085 2175 1153 2241 ipsiu

134 2264 240 2330 verbis,
264 2280 332 2331 quae
355 2265 489 2315 hebemus
513 2262 636 2316 inlibris
653 2263 793 2328 omnibus,
807 2263 993 2330 ¹sntisnperte
1010 2264 1152 2321 indicatur.

133 2357 241 2410 Etenim
266 2374 347 2423 quum
369 2374 458 2408 sermo
484 2360 555 2409 esset
578 2357 612 2409 de
636 2356 735 2424 nuptiis
750 2352 855 2408 Inso'nis
880 2372 913 2408 nc
930 2360 1040 2424 puellae
1056 2361 1153 2429 regiae

133 2448 162 2501 in
183 2455 240 2502 tots
262 2451 317 2501 hac
339 2449 435 2502 fabule
458 2465 543 2516 eoque
566 2466 611 2503 res
635 2451 718 2503 etiem
738 2468 765 2502 v.
790 2449 824 2502 18
847 2466 903 2517 seq.
926 2455 1009 2505 modo
1031 2452 1152 2508 indicato

135 2547 205 2594 esset
221 2558 240 2594 n
256 2541 374 2623 nutriet?

283 2629 384 2701 γάμόις
399 2628 493 2685 Ἰάσων
509 2634 661 2703 βασιλικοῖς
678 2630 833 2702 εὐνάζεται,
1015 2708 1017 2712 ⁴

283 2721 373 2793 γήμας
390 2723 530 2794 Κρέοντος
546 2722 634 2790 παῖδ’,
653 2720 685 2789 te
700 2727 824 2798 αἱσνμνᾷ
840 2725 954 2795 χθονός,

133 2819 158 2870 si
181 2833 270 2870 sermo
295 2823 354 2869 erut
378 2820 411 2871 de
432 2824 516 2871 strato
541 2821 627 2884 lecto,
657 2836 708 2872 uon
733 2825 840 2887 poteret
863 2821 933 2874 nlius
956 2821 1075 2892 intelligi
1099 2827 1152 2880 nisi

133 2911 220 2961 lectus
241 2909 358 2977 genialis
378 2912 483 2962 Iasonis
508 2916 535 2963 et
553 2912 675 2979 reginae.
720 2914 815 2978 ltaque
832 2912 856 2962 si
873 2920 982 2966 veretur
999 2914 1099 2981 nutrix,
1116 2934 1152 2971 ne

133 3001 233 3052 Medea
256 3003 328 3052 elom
352 3002 521 3068 ingrediatur
545 3004 639 3052 domos
665 3008 692 3053 et
712 3005 748 3054 ud
765 3006 865 3053 lentum
882 3004 1019 3070 genialem
1038 3009 1152 3062 eccedut

133 3092 225 3155 ibique
243 3090 473 3151 commutarint,
491 3093 644 3142 necessario
667 3093 721 3142 hoe
740 3093 775 3143 ed
794 3095 905 3146 cecdem
932 3099 1039 3162 puellae
1055 3102 1151 3170 regiae

134 3178 292 3246 pertinebit,
318 3178 478 3245 praesertim
498 3198 580 3246 quum
597 3184 691 3249 iason,
718 3186 753 3236 ed
772 3203 852 3251 quem
869 3188 952 3239 etium
968 3190 1067 3244 referri
1083 3192 1151 3248 iilud

134 3270 220 3339 potuit
242 3276 353 3338 propter
373 3274 595 3327 communitatem
617 3276 681 3340 lecti
699 3277 829 3346 genialis,
858 3280 986 3347 deinceps
1002 3288 1151 3351 seperatim

134 3369 361 3418 commemorctui¹
392 3370 419 3417 et
451 3371 524 3419 torus
552 3368 661 3422 omnino
689 3371 785 3439 regiae
815 3374 924 3437 puellae
954 3377 1078 3442 proprius
1107 3381 1151 3444 sit,

134 3474 214 3525 quem
241 3475 295 3509 uno
321 3459 472 3512 conscendit
496 3466 524 3513 ut
540 3463 654 3515 maritus
671 3465 758 3515 lesen·
799 3464 846 3517 Sic
862 3465 948 3534 igitur
973 3473 1001 3518 et
1018 3469 1151 3523 hocloco

133 3567 186 3602 nou
207 3552 296 3602 solum
313 3552 426 3602 idoneus
443 3557 484 3603 est
500 3553 547 3604 ille
564 3572 674 3619 versus,
703 3558 898 3609 verumetiam
917 3563 1098 3626 necessarius,
1112 3562 1154 3616 'et

133 3642 281 3710 posteriore
304 3646 366 3695 loco
388 3663 415 3697 v.
440 3643 499 3696 38⁰.
521 3645 672 3697 rectissime
696 3647 842 3713 repetitur,
868 3651 995 3716 quoniam
1017 3670 1087 3719 quae
1111 3654 1150 3709 titi

133 3739 281 3803 ponunture
1080 3748 1083 3753 '

175 3854 177 3858 Α
283 3825 403 3898 πότερον
419 3825 629 3898 deductione
644 3829 786 3899 νυμφικόν
804 3835 881 3904 πυρί,
979 3854 982 3858 ·

195 3926 198 3931 ’
283 3914 426 3987 ἢθηιιτόν
444 3918 506 3975 οἴσω
524 3919 670 3991 φάσγανον
687 3920 723 3978 δι’
740 3919 858 3994 ἥπατος,

275 4013 347 4079 ’σιγῇ
365 4010 469 4081 δόμους
487 4013 597 4086 εἰςβᾶσ’,
615 4012 651 4070 ἵν’
669 4016 801 4088 tongum
817 4019 903 4090 λέχος,
