<?xml version="1.0" encoding="UTF-8"?>
<!DOCTYPE html PUBLIC "-//W3C//DTD XHTML 1.0 Transitional//EN"
    "http://www.w3.org/TR/xhtml1/DTD/xhtml1-transitional.dtd">
<html xmlns="http://www.w3.org/1999/xhtml" xml:lang="en" lang="en">
 <head>
  <title>
</title>
<meta http-equiv="Content-Type" content="text/html;charset=utf-8" />
  <meta name='ocr-system' content='tesseract 3.04.00' />
  <meta name='ocr-capabilities' content='ocr_page ocr_carea ocr_par ocr_line ocrx_word'/>
</head>
<body>
  <div class='ocr_page' id='page_1' title='image "./euripidistragoe00weckgoog_0247.png"; bbox 0 0 2610 4546; ppageno 0'>
   <div class='ocr_carea' id='block_1_1' title="bbox 241 224 876 296">
    <p class='ocr_par' dir='ltr' id='par_1_1' title="bbox 241 224 876 296">
     <span class='ocr_line' id='line_1_1' title="bbox 241 224 876 296; baseline 0.009 -11"><span class='ocrx_word' id='word_1_1' title='bbox 241 225 292 296; x_wconf 71' lang='lat'><strong>9⁰</strong></span> <span class='ocrx_word' id='word_1_2' title='bbox 627 224 876 291; x_wconf 77' lang='lat' dir='ltr'><strong>EURIPIDIS</strong></span> 
     </span>
    </p>
   </div>
   <div class='ocr_carea' id='block_1_2' title="bbox 241 383 1270 2011">
    <p class='ocr_par' dir='ltr' id='par_1_2' title="bbox 241 383 1270 2011">
     <span class='ocr_line' id='line_1_2' title="bbox 346 383 828 481; baseline 0 -21"><span class='ocrx_word' id='word_1_3' title='bbox 346 383 507 481; x_wconf 74' lang='grc' dir='ltr'><em>ὀλέθριον</em></span> <span class='ocrx_word' id='word_1_4' title='bbox 530 383 689 481; x_wconf 75' lang='grc' dir='ltr'><em>ὀλέθρων</em></span> <span class='ocrx_word' id='word_1_5' title='bbox 711 384 828 462; x_wconf 85' lang='grc' dir='ltr'><em>νανάν.</em></span> 
     </span>
     <span class='ocr_line' id='line_1_3' title="bbox 346 483 1250 594; baseline 0.012 -33"><span class='ocrx_word' id='word_1_6' title='bbox 346 487 468 577; x_wconf 67' lang='grc' dir='ltr'><strong><em>ψεύσει</em></strong></span> <span class='ocrx_word' id='word_1_7' title='bbox 492 483 524 559; x_wconf 66' lang='grc' dir='ltr'><em>ὅ</em></span> <span class='ocrx_word' id='word_1_8' title='bbox 547 485 635 561; x_wconf 69' lang='grc' dir='ltr'><strong>ὁδοί</strong></span> <span class='ocrx_word' id='word_1_9' title='bbox 658 487 751 587; x_wconf 67' lang='grc' dir='ltr'><em>τῆςά</em></span> <span class='ocrx_word' id='word_1_10' title='bbox 768 490 886 578; x_wconf 60' lang='grc' dir='ltr'><em>ἐλπίς,</em></span> <span class='ocrx_word' id='word_1_11' title='bbox 911 485 935 585; x_wconf 77' lang='grc' dir='ltr'><strong>ἥ</strong></span> <span class='ocrx_word' id='word_1_12' title='bbox 959 485 991 561; x_wconf 66' lang='grc' dir='ltr'><em>ὅ</em></span> <span class='ocrx_word' id='word_1_13' title='bbox 1015 490 1155 594; x_wconf 66' lang='grc' dir='ltr'><em>ἐπήγαγε</em></span> <span class='ocrx_word' id='word_1_14' title='bbox 1248 564 1250 570; x_wconf 78' lang='grc'>,</span> 
     </span>
     <span class='ocr_line' id='line_1_4' title="bbox 345 587 979 692; baseline 0 -29"><span class='ocrx_word' id='word_1_15' title='bbox 345 589 536 684; x_wconf 76' lang='grc' dir='ltr'><em>θανάσιμον</em></span> <span class='ocrx_word' id='word_1_16' title='bbox 560 587 647 686; x_wconf 77' lang='grc' dir='ltr'><strong><em>πρὸς</em></strong></span> <span class='ocrx_word' id='word_1_17' title='bbox 672 589 774 692; x_wconf 59' lang='lat' dir='ltr'><strong>iidoc,</strong></span> <span class='ocrx_word' id='word_1_18' title='bbox 803 589 841 664; x_wconf 80' lang='lat' dir='ltr'><strong>lui</strong></span> <span class='ocrx_word' id='word_1_19' title='bbox 865 588 979 681; x_wconf 72' lang='lat' dir='ltr'><strong>colleg·</strong></span> 
     </span>
     <span class='ocr_line' id='line_1_5' title="bbox 315 689 927 794; baseline 0.002 -29"><span class='ocrx_word' id='word_1_20' title='bbox 315 745 317 750; x_wconf 83' lang='lat'><strong>.</strong></span> <span class='ocrx_word' id='word_1_21' title='bbox 347 689 503 794; x_wconf 76' lang='grc' dir='ltr'><em>άτολὲμῳ</em></span> <span class='ocrx_word' id='word_1_22' title='bbox 528 693 564 764; x_wconf 72' lang='grc' dir='ltr'><strong>δὲ</strong></span> <span class='ocrx_word' id='word_1_23' title='bbox 588 695 672 788; x_wconf 79' lang='grc' dir='ltr'><em>χειρὶ</em></span> <span class='ocrx_word' id='word_1_24' title='bbox 695 695 819 781; x_wconf 74' lang='grc' dir='ltr'><em>λείψεις</em></span> <span class='ocrx_word' id='word_1_25' title='bbox 844 694 927 787; x_wconf 86' lang='grc' dir='ltr'><em>βίον.</em></span> 
     </span>
     <span class='ocr_line' id='line_1_6' title="bbox 549 832 969 904; baseline 0.01 -4"><span class='ocrx_word' id='word_1_26' title='bbox 549 832 591 900; x_wconf 94' lang='grc' dir='ltr'>Π</span> <span class='ocrx_word' id='word_1_27' title='bbox 599 834 668 901; x_wconf 91' lang='grc' dir='ltr'><strong>ΟΛ</strong></span> <span class='ocrx_word' id='word_1_28' title='bbox 679 834 760 901; x_wconf 79' lang='lat' dir='ltr'><strong>YM</strong></span> <span class='ocrx_word' id='word_1_29' title='bbox 763 832 803 899; x_wconf 87' lang='lat' dir='ltr'><strong>H</strong></span> <span class='ocrx_word' id='word_1_30' title='bbox 805 834 841 899; x_wconf 83' lang='grc' dir='ltr'><strong><em>Σ</em></strong></span> <span class='ocrx_word' id='word_1_31' title='bbox 849 835 923 901; x_wconf 65' lang='grc' dir='ltr'><strong>Τάλ</strong></span> <span class='ocrx_word' id='word_1_32' title='bbox 932 835 969 904; x_wconf 87' lang='grc' dir='ltr'><strong>Ρ.</strong></span> 
     </span>
     <span class='ocr_line' id='line_1_7' title="bbox 244 925 1270 1027; baseline 0.001 -25"><span class='ocrx_word' id='word_1_33' title='bbox 244 925 347 1024; x_wconf 72' lang='grc' dir='ltr'>ὤμοι,</span> <span class='ocrx_word' id='word_1_34' title='bbox 371 933 569 1026; x_wconf 80' lang='grc' dir='ltr'><em>τνφλοῦμαι</em></span> <span class='ocrx_word' id='word_1_35' title='bbox 593 931 716 1027; x_wconf 77' lang='grc' dir='ltr'><em>φέγγος</em></span> <span class='ocrx_word' id='word_1_36' title='bbox 742 927 898 1023; x_wconf 77' lang='grc' dir='ltr'><em>ὀμμάτων</em></span> <span class='ocrx_word' id='word_1_37' title='bbox 921 930 1033 1022; x_wconf 83' lang='grc' dir='ltr'><em>τάλας.</em></span> <span class='ocrx_word' id='word_1_38' title='bbox 1170 943 1270 1013; x_wconf 85' lang='grc'>1035</span> 
     </span>
     <span class='ocr_line' id='line_1_8' title="bbox 645 1069 995 1140; baseline 0.006 -2"><span class='ocrx_word' id='word_1_39' title='bbox 645 1069 687 1138; x_wconf 84' lang='lat' dir='ltr'><em>X</em></span> <span class='ocrx_word' id='word_1_40' title='bbox 695 1070 855 1138; x_wconf 85' lang='grc' dir='ltr'><strong>ΟΡΟΣ.</strong></span> <span class='ocrx_word' id='word_1_41' title='bbox 994 1134 995 1140; x_wconf 74' lang='grc'>,</span> 
     </span>
     <span class='ocr_line' id='line_1_9' title="bbox 244 1159 1048 1264; baseline 0.005 -29"><span class='ocrx_word' id='word_1_42' title='bbox 244 1159 406 1262; x_wconf 75' lang='grc' dir='ltr'><em>ἠκούσατ’</em></span> <span class='ocrx_word' id='word_1_43' title='bbox 429 1161 553 1263; x_wconf 79' lang='grc' dir='ltr'><em>άνδρὸς</em></span> <span class='ocrx_word' id='word_1_44' title='bbox 582 1164 717 1260; x_wconf 74' lang='grc' dir='ltr'><em>Θρῃκὸς</em></span> <span class='ocrx_word' id='word_1_45' title='bbox 742 1163 905 1264; x_wconf 77' lang='grc' dir='ltr'><em>οἰμωγήν,</em></span> <span class='ocrx_word' id='word_1_46' title='bbox 930 1166 1048 1262; x_wconf 73' lang='grc' dir='ltr'><em>,φίλαις</em></span> 
     </span>
     <span class='ocr_line' id='line_1_10' title="bbox 545 1306 964 1377; baseline 0.007 -4"><span class='ocrx_word' id='word_1_47' title='bbox 545 1306 587 1373; x_wconf 93' lang='grc' dir='ltr'>Π</span> <span class='ocrx_word' id='word_1_48' title='bbox 594 1307 663 1374; x_wconf 91' lang='grc' dir='ltr'><strong>ΟΛ</strong></span> <span class='ocrx_word' id='word_1_49' title='bbox 675 1307 755 1374; x_wconf 79' lang='lat' dir='ltr'><strong>YM</strong></span> <span class='ocrx_word' id='word_1_50' title='bbox 759 1307 799 1373; x_wconf 91' lang='lat' dir='ltr'>H</span> <span class='ocrx_word' id='word_1_51' title='bbox 801 1309 837 1373; x_wconf 83' lang='grc' dir='ltr'><em>Σ</em></span> <span class='ocrx_word' id='word_1_52' title='bbox 845 1307 918 1373; x_wconf 72' lang='grc' dir='ltr'><strong>ΤΩ</strong></span> <span class='ocrx_word' id='word_1_53' title='bbox 927 1308 964 1377; x_wconf 89' lang='grc' dir='ltr'><strong>Ρ.</strong></span> 
     </span>
     <span class='ocr_line' id='line_1_11' title="bbox 241 1391 1091 1503; baseline 0.004 -30"><span class='ocrx_word' id='word_1_54' title='bbox 241 1396 329 1496; x_wconf 74' lang='grc' dir='ltr'><strong><em>ὤμοι</em></strong></span> <span class='ocrx_word' id='word_1_55' title='bbox 351 1399 429 1496; x_wconf 83' lang='grc' dir='ltr'><em>μάλ’</em></span> <span class='ocrx_word' id='word_1_56' title='bbox 454 1391 580 1494; x_wconf 73' lang='grc' dir='ltr'><em>αὖθις,</em></span> <span class='ocrx_word' id='word_1_57' title='bbox 604 1404 721 1493; x_wconf 81' lang='grc' dir='ltr'><em>τέκνα,</em></span> <span class='ocrx_word' id='word_1_58' title='bbox 748 1403 921 1501; x_wconf 60' lang='lat' dir='ltr'><strong>(locatione</strong></span> <span class='ocrx_word' id='word_1_59' title='bbox 945 1409 1091 1503; x_wconf 78' lang='grc' dir='ltr'><strong><em>σφαγῆς.</em></strong></span> 
     </span>
     <span class='ocr_line' id='line_1_12' title="bbox 652 1542 872 1611; baseline -0.005 0"><span class='ocrx_word' id='word_1_60' title='bbox 652 1542 693 1611; x_wconf 87' lang='grc' dir='ltr'><em>Χ</em></span> <span class='ocrx_word' id='word_1_61' title='bbox 701 1544 771 1610; x_wconf 92' lang='grc' dir='ltr'><strong>ΟΡ</strong></span> <span class='ocrx_word' id='word_1_62' title='bbox 780 1544 872 1610; x_wconf 82' lang='grc' dir='ltr'>ΟΣ.-</span> 
     </span>
     <span class='ocr_line' id='line_1_13' title="bbox 242 1654 1025 1753; baseline 0.005 -25"><span class='ocrx_word' id='word_1_63' title='bbox 242 1655 360 1752; x_wconf 69' lang='lat' dir='ltr'><strong>pltat,</strong></span> <span class='ocrx_word' id='word_1_64' title='bbox 385 1655 569 1753; x_wconf 67' lang='lat' dir='ltr'><strong>stirpenses</strong></span> <span class='ocrx_word' id='word_1_65' title='bbox 593 1654 678 1730; x_wconf 82' lang='grc' dir='ltr'><em>καίν’</em></span> <span class='ocrx_word' id='word_1_66' title='bbox 703 1656 766 1729; x_wconf 74' lang='grc' dir='ltr'><strong>ἔσω</strong></span> <span class='ocrx_word' id='word_1_67' title='bbox 791 1656 903 1751; x_wconf 75' lang='grc' dir='ltr'><em>δόμων</em></span> <span class='ocrx_word' id='word_1_68' title='bbox 927 1656 1025 1732; x_wconf 81' lang='grc' dir='ltr'><em>κακά.</em></span> 
     </span>
     <span class='ocr_line' id='line_1_14' title="bbox 323 1784 1077 1898; baseline 0.016 -45"><span class='ocrx_word' id='word_1_69' title='bbox 323 1849 325 1853; x_wconf 84' lang='grc'><em>,</em></span> <span class='ocrx_word' id='word_1_70' title='bbox 543 1795 969 1865; x_wconf 69' lang='grc' dir='ltr'><em>ΠοΛνΜΗΣναΒ</em></span> <span class='ocrx_word' id='word_1_71' title='bbox 1030 1784 1077 1898; x_wconf 4' lang='grc' dir='ltr'><strong>’γ</strong></span> 
     </span>
     <span class='ocr_line' id='line_1_15' title="bbox 241 1904 936 2011; baseline 0 -29"><span class='ocrx_word' id='word_1_72' title='bbox 241 1905 314 1982; x_wconf 86' lang='grc' dir='ltr'><em>άλλ’</em></span> <span class='ocrx_word' id='word_1_73' title='bbox 338 1904 415 1983; x_wconf 79' lang='grc' dir='ltr'><em>οὔτι</em></span> <span class='ocrx_word' id='word_1_74' title='bbox 438 1904 485 2007; x_wconf 80' lang='grc' dir='ltr'><strong>μὴ</strong></span> <span class='ocrx_word' id='word_1_75' title='bbox 510 1906 640 2007; x_wconf 76' lang='grc' dir='ltr'><em>φάγητε</em></span> <span class='ocrx_word' id='word_1_76' title='bbox 665 1913 822 2011; x_wconf 71' lang='grc' dir='ltr'><em>λαιψηρῷ</em></span> <span class='ocrx_word' id='word_1_77' title='bbox 846 1911 936 1982; x_wconf 76' lang='grc' dir='ltr'><em>ποδί·</em></span> 
     </span>
    </p>
   </div>
   <div class='ocr_carea' id='block_1_3' title="bbox 851 2011 859 2040">
    <p class='ocr_par' dir='ltr' id='par_1_3' title="bbox 851 2011 859 2040">
     <span class='ocr_line' id='line_1_16' title="bbox 851 2011 859 2040; baseline 0 0"><span class='ocrx_word' id='word_1_78' title='bbox 851 2011 859 2040; x_wconf 80' lang='grc' dir='ltr'><em>Ι</em></span> 
     </span>
    </p>
   </div>
   <div class='ocr_carea' id='block_1_4' title="bbox 237 2007 1268 2111">
    <p class='ocr_par' dir='ltr' id='par_1_4' title="bbox 237 2007 1268 2111">
     <span class='ocr_line' id='line_1_17' title="bbox 237 2007 1268 2111; baseline 0.008 -26"><span class='ocrx_word' id='word_1_79' title='bbox 237 2011 372 2108; x_wconf 79' lang='grc' dir='ltr'><em>βάλλων</em></span> <span class='ocrx_word' id='word_1_80' title='bbox 394 2007 458 2111; x_wconf 83' lang='grc' dir='ltr'><strong>γάρ</strong></span> <span class='ocrx_word' id='word_1_81' title='bbox 483 2013 585 2086; x_wconf 82' lang='grc' dir='ltr'><em>οἴκων</em></span> <span class='ocrx_word' id='word_1_82' title='bbox 607 2009 704 2085; x_wconf 75' lang='grc' dir='ltr'><em>τῶνδ’</em></span> <span class='ocrx_word' id='word_1_83' title='bbox 730 2010 906 2111; x_wconf 79' lang='grc' dir='ltr'><em>άναῤῥηξω</em></span> <span class='ocrx_word' id='word_1_84' title='bbox 930 2009 1071 2110; x_wconf 83' lang='grc' dir='ltr'><em>μνχοάς.</em></span> <span class='ocrx_word' id='word_1_85' title='bbox 1166 2018 1268 2094; x_wconf 78' lang='grc'>1040</span> 
     </span>
    </p>
   </div>
   <div class='ocr_carea' id='block_1_5' title="bbox 168 2258 1266 2675">
    <p class='ocr_par' dir='ltr' id='par_1_5' title="bbox 168 2258 1266 2675">
     <span class='ocr_line' id='line_1_18' title="bbox 305 2258 1266 2331; baseline 0.002 -15"><span class='ocrx_word' id='word_1_86' title='bbox 305 2281 331 2315; x_wconf 83' lang='lat' dir='ltr'><strong>v.</strong></span> <span class='ocrx_word' id='word_1_87' title='bbox 346 2263 423 2316; x_wconf 79' lang='lat'><strong>1033.</strong></span> <span class='ocrx_word' id='word_1_88' title='bbox 458 2263 545 2331; x_wconf 82' lang='lat' dir='ltr'>Vulgo</span> <span class='ocrx_word' id='word_1_89' title='bbox 564 2259 671 2326; x_wconf 72' lang='grc' dir='ltr'><em>Ἀΐδαν,</em></span> <span class='ocrx_word' id='word_1_90' title='bbox 705 2259 739 2316; x_wconf 80' lang='lat' dir='ltr'><strong>lui</strong></span> <span class='ocrx_word' id='word_1_91' title='bbox 758 2258 854 2328; x_wconf 80' lang='grc' dir='ltr'><em>τάλας.</em></span> <span class='ocrx_word' id='word_1_92' title='bbox 881 2266 979 2317; x_wconf 82' lang='lat' dir='ltr'>Versus</span> <span class='ocrx_word' id='word_1_93' title='bbox 1000 2266 1072 2316; x_wconf 85' lang='lat' dir='ltr'><strong>foret</strong></span> <span class='ocrx_word' id='word_1_94' title='bbox 1092 2263 1266 2318; x_wconf 88' lang='lat' dir='ltr'><strong>dochmiacus</strong></span> 
     </span>
     <span class='ocr_line' id='line_1_19' title="bbox 197 2331 1263 2402; baseline 0.001 -21"><span class='ocrx_word' id='word_1_95' title='bbox 197 2352 198 2355; x_wconf 45' lang='lat'>¹</span> <span class='ocrx_word' id='word_1_96' title='bbox 237 2348 298 2381; x_wconf 88' lang='lat' dir='ltr'><strong>cum</strong></span> <span class='ocrx_word' id='word_1_97' title='bbox 314 2332 433 2382; x_wconf 79' lang='lat' dir='ltr'><strong>clausula</strong></span> <span class='ocrx_word' id='word_1_98' title='bbox 446 2331 569 2390; x_wconf 84' lang='lat' dir='ltr'><strong>iambica,</strong></span> <span class='ocrx_word' id='word_1_99' title='bbox 580 2343 611 2382; x_wconf 90' lang='lat' dir='ltr'><strong>ut</strong></span> <span class='ocrx_word' id='word_1_100' title='bbox 623 2350 648 2382; x_wconf 85' lang='lat' dir='ltr'><strong>v.</strong></span> <span class='ocrx_word' id='word_1_101' title='bbox 665 2333 751 2393; x_wconf 69' lang='lat'>1025„</span> <span class='ocrx_word' id='word_1_102' title='bbox 766 2335 788 2384; x_wconf 83' lang='lat' dir='ltr'><strong>si</strong></span> <span class='ocrx_word' id='word_1_103' title='bbox 799 2335 928 2402; x_wconf 85' lang='lat' dir='ltr'><strong>producas</strong></span> <span class='ocrx_word' id='word_1_104' title='bbox 938 2335 1046 2400; x_wconf 84' lang='lat' dir='ltr'><strong>primam</strong></span> <span class='ocrx_word' id='word_1_105' title='bbox 1059 2333 1189 2400; x_wconf 80' lang='lat' dir='ltr'>syllabam</span> <span class='ocrx_word' id='word_1_106' title='bbox 1202 2351 1263 2386; x_wconf 84' lang='lat' dir='ltr'><strong>voc.</strong></span> 
     </span>
     <span class='ocr_line' id='line_1_20' title="bbox 234 2395 1265 2468; baseline -0.001 -15"><span class='ocrx_word' id='word_1_107' title='bbox 234 2395 345 2453; x_wconf 75' lang='grc' dir='ltr'><em>Ἀΐὸαντ</em></span> <span class='ocrx_word' id='word_1_108' title='bbox 365 2400 438 2467; x_wconf 89' lang='lat' dir='ltr'><strong>quod</strong></span> <span class='ocrx_word' id='word_1_109' title='bbox 450 2401 546 2450; x_wconf 87' lang='lat' dir='ltr'><strong>fecisse</strong></span> <span class='ocrx_word' id='word_1_110' title='bbox 560 2400 766 2451; x_wconf 85' lang='lat' dir='ltr'><strong>Simonidem</strong></span> <span class='ocrx_word' id='word_1_111' title='bbox 781 2402 809 2452; x_wconf 93' lang='lat' dir='ltr'><strong>in</strong></span> <span class='ocrx_word' id='word_1_112' title='bbox 823 2403 909 2454; x_wconf 84' lang='lat' dir='ltr'><strong>iambo</strong></span> <span class='ocrx_word' id='word_1_113' title='bbox 925 2402 994 2468; x_wconf 91' lang='lat' dir='ltr'><strong>apud</strong></span> <span class='ocrx_word' id='word_1_114' title='bbox 1008 2400 1081 2451; x_wconf 87' lang='lat' dir='ltr'><strong>Stob.</strong></span> <span class='ocrx_word' id='word_1_115' title='bbox 1094 2400 1188 2450; x_wconf 87' lang='lat' dir='ltr'><strong>Floril.</strong></span> <span class='ocrx_word' id='word_1_116' title='bbox 1198 2400 1265 2453; x_wconf 93' lang='lat' dir='ltr'><strong>Vol.</strong></span> 
     </span>
     <span class='ocr_line' id='line_1_21' title="bbox 168 2468 1264 2539; baseline -0.001 -19"><span class='ocrx_word' id='word_1_117' title='bbox 168 2495 170 2500; x_wconf 36' lang='lat'>⁸</span> <span class='ocrx_word' id='word_1_118' title='bbox 234 2470 283 2520; x_wconf 89' lang='lat' dir='ltr'><strong>III.</strong></span> <span class='ocrx_word' id='word_1_119' title='bbox 298 2488 324 2537; x_wconf 84' lang='lat' dir='ltr'><strong>p.</strong></span> <span class='ocrx_word' id='word_1_120' title='bbox 338 2470 399 2520; x_wconf 75' lang='lat'><strong>240.</strong></span> <span class='ocrx_word' id='word_1_121' title='bbox 420 2478 447 2518; x_wconf 90' lang='lat' dir='ltr'><strong>et</strong></span> <span class='ocrx_word' id='word_1_122' title='bbox 459 2469 664 2536; x_wconf 86' lang='lat' dir='ltr'><strong>Euripidem</strong></span> <span class='ocrx_word' id='word_1_123' title='bbox 677 2469 703 2518; x_wconf 90' lang='lat' dir='ltr'><strong>in</strong></span> <span class='ocrx_word' id='word_1_124' title='bbox 720 2472 863 2535; x_wconf 81' lang='lat' dir='ltr'>versiculo,</span> <span class='ocrx_word' id='word_1_125' title='bbox 881 2488 958 2539; x_wconf 91' lang='lat' dir='ltr'><strong>quem</strong></span> <span class='ocrx_word' id='word_1_126' title='bbox 971 2468 1264 2520; x_wconf 82' lang='lat' dir='ltr'><strong>servavitLucianus</strong></span> 
     </span>
     <span class='ocr_line' id='line_1_22' title="bbox 234 2537 1264 2605; baseline -0.003 -17"><span class='ocrx_word' id='word_1_127' title='bbox 234 2537 366 2605; x_wconf 87' lang='lat' dir='ltr'><strong>Necyom.</strong></span> <span class='ocrx_word' id='word_1_128' title='bbox 381 2538 413 2587; x_wconf 90' lang='lat' dir='ltr'><strong>T.</strong></span> <span class='ocrx_word' id='word_1_129' title='bbox 429 2539 450 2587; x_wconf 93' lang='lat' dir='ltr'><strong>I.</strong></span> <span class='ocrx_word' id='word_1_130' title='bbox 465 2555 491 2605; x_wconf 87' lang='lat' dir='ltr'><strong>p.</strong></span> <span class='ocrx_word' id='word_1_131' title='bbox 503 2539 563 2598; x_wconf 80' lang='lat'>456,</span> <span class='ocrx_word' id='word_1_132' title='bbox 582 2538 630 2602; x_wconf 77' lang='lat'><strong>14,</strong></span> <span class='ocrx_word' id='word_1_133' title='bbox 648 2539 751 2588; x_wconf 86' lang='lat' dir='ltr'><strong>monuit</strong></span> <span class='ocrx_word' id='word_1_134' title='bbox 765 2541 945 2591; x_wconf 88' lang='lat' dir='ltr'><strong>Porsonus.</strong></span> <span class='ocrx_word' id='word_1_135' title='bbox 972 2538 1006 2591; x_wconf 80' lang='lat' dir='ltr'><strong>cl.</strong></span> <span class='ocrx_word' id='word_1_136' title='bbox 1021 2537 1090 2587; x_wconf 77' lang='lat' dir='ltr'><strong>nrt.</strong></span> <span class='ocrx_word' id='word_1_137' title='bbox 1108 2545 1134 2586; x_wconf 93' lang='lat' dir='ltr'><strong>et</strong></span> <span class='ocrx_word' id='word_1_138' title='bbox 1146 2537 1264 2586; x_wconf 87' lang='lat' dir='ltr'><strong>Herm.</strong></span> 
     </span>
     <span class='ocr_line' id='line_1_23' title="bbox 235 2603 1265 2675; baseline -0.002 -17"><span class='ocrx_word' id='word_1_139' title='bbox 235 2606 270 2658; x_wconf 89' lang='lat' dir='ltr'><strong>ad</strong></span> <span class='ocrx_word' id='word_1_140' title='bbox 285 2606 369 2675; x_wconf 74' lang='lat' dir='ltr'><strong>Soph,</strong></span> <span class='ocrx_word' id='word_1_141' title='bbox 385 2607 472 2673; x_wconf 81' lang='lat' dir='ltr'><strong>Antig.</strong></span> <span class='ocrx_word' id='word_1_142' title='bbox 492 2607 569 2658; x_wconf 71' lang='lat'><strong>1226.</strong></span> <span class='ocrx_word' id='word_1_143' title='bbox 605 2607 752 2657; x_wconf 88' lang='lat' dir='ltr'><strong>Dimetrum</strong></span> <span class='ocrx_word' id='word_1_144' title='bbox 768 2607 952 2659; x_wconf 79' lang='lat' dir='ltr'><strong>dochmiacum</strong></span> <span class='ocrx_word' id='word_1_145' title='bbox 966 2605 1102 2658; x_wconf 86' lang='lat' dir='ltr'><strong>revocavit</strong></span> <span class='ocrx_word' id='word_1_146' title='bbox 1113 2603 1265 2672; x_wconf 81' lang='lat' dir='ltr'><strong>Kingiua</strong></span> 
     </span>
    </p>
   </div>
   <div class='ocr_carea' id='block_1_6' title="bbox 139 2777 1265 2848">
    <p class='ocr_par' dir='ltr' id='par_1_6' title="bbox 139 2777 1265 2848">
     <span class='ocr_line' id='line_1_24' title="bbox 139 2777 1265 2848; baseline 0.002 -17"><span class='ocrx_word' id='word_1_147' title='bbox 139 2777 146 2800; x_wconf 79' lang='lat'>⁸</span> <span class='ocrx_word' id='word_1_148' title='bbox 235 2780 432 2848; x_wconf 85' lang='lat' dir='ltr'><strong>gnificationem</strong></span> <span class='ocrx_word' id='word_1_149' title='bbox 456 2781 606 2844; x_wconf 86' lang='lat' dir='ltr'><strong>immerito,</strong></span> <span class='ocrx_word' id='word_1_150' title='bbox 634 2781 725 2848; x_wconf 87' lang='lat' dir='ltr'><strong>credo,</strong></span> <span class='ocrx_word' id='word_1_151' title='bbox 808 2799 833 2832; x_wconf 85' lang='lat' dir='ltr'><strong>v.</strong></span> <span class='ocrx_word' id='word_1_152' title='bbox 846 2783 920 2832; x_wconf 83' lang='lat'><strong>1035.</strong></span> <span class='ocrx_word' id='word_1_153' title='bbox 939 2781 1153 2832; x_wconf 80' lang='lat' dir='ltr'><strong>Foednmoaedis</strong></span> <span class='ocrx_word' id='word_1_154' title='bbox 1164 2782 1265 2848; x_wconf 83' lang='lat' dir='ltr'><strong>adspe-</strong></span> 
     </span>
    </p>
   </div>
   <div class='ocr_carea' id='block_1_7' title="bbox 194 2849 1292 3535">
    <p class='ocr_par' dir='ltr' id='par_1_7' title="bbox 194 2849 1292 3535">
     <span class='ocr_line' id='line_1_25' title="bbox 234 2849 1264 2917; baseline 0 -16"><span class='ocrx_word' id='word_1_155' title='bbox 234 2851 263 2901; x_wconf 90' lang='lat' dir='ltr'><strong>iu</strong></span> <span class='ocrx_word' id='word_1_156' title='bbox 291 2851 483 2902; x_wconf 88' lang='lat' dir='ltr'><strong>dubitationem</strong></span> <span class='ocrx_word' id='word_1_157' title='bbox 505 2860 585 2902; x_wconf 79' lang='lat' dir='ltr'><strong>vocat</strong></span> <span class='ocrx_word' id='word_1_158' title='bbox 601 2849 723 2900; x_wconf 88' lang='lat' dir='ltr'><strong>Matth.</strong></span> <span class='ocrx_word' id='word_1_159' title='bbox 775 2859 846 2900; x_wconf 90' lang='lat' dir='ltr'><strong>ctum</strong></span> <span class='ocrx_word' id='word_1_160' title='bbox 858 2849 983 2899; x_wconf 89' lang='lat' dir='ltr'><strong>subducit</strong></span> <span class='ocrx_word' id='word_1_161' title='bbox 998 2856 1081 2916; x_wconf 62' lang='lat' dir='ltr'><strong>,poetd</strong></span> <span class='ocrx_word' id='word_1_162' title='bbox 1097 2849 1182 2901; x_wconf 89' lang='lat' dir='ltr'><strong>oculis</strong></span> <span class='ocrx_word' id='word_1_163' title='bbox 1197 2869 1264 2917; x_wconf 86' lang='lat' dir='ltr'><strong>spe-</strong></span> 
     </span>
     <span class='ocr_line' id='line_1_26' title="bbox 234 2918 1292 2987; baseline 0.002 -18"><span class='ocrx_word' id='word_1_164' title='bbox 234 2920 372 2969; x_wconf 82' lang='lat' dir='ltr'><strong>Sententia</strong></span> <span class='ocrx_word' id='word_1_165' title='bbox 391 2919 484 2970; x_wconf 89' lang='lat' dir='ltr'><strong>similis</strong></span> <span class='ocrx_word' id='word_1_166' title='bbox 504 2920 531 2969; x_wconf 89' lang='lat' dir='ltr'><strong>in</strong></span> <span class='ocrx_word' id='word_1_167' title='bbox 550 2936 580 2969; x_wconf 85' lang='lat' dir='ltr'><strong>en</strong></span> <span class='ocrx_word' id='word_1_168' title='bbox 600 2919 724 2987; x_wconf 86' lang='lat' dir='ltr'><strong>lectione,</strong></span> <span class='ocrx_word' id='word_1_169' title='bbox 774 2928 913 2970; x_wconf 90' lang='lat' dir='ltr'><strong>ctatorum.</strong></span> <span class='ocrx_word' id='word_1_170' title='bbox 932 2918 1262 2987; x_wconf 80' lang='lat' dir='ltr'><strong>GeriturresInteutorio‚</strong></span> <span class='ocrx_word' id='word_1_171' title='bbox 1290 2920 1292 2927; x_wconf 70' lang='grc'>’</span> 
     </span>
     <span class='ocr_line' id='line_1_27' title="bbox 234 2986 1262 3054; baseline 0.003 -17"><span class='ocrx_word' id='word_1_172' title='bbox 234 3005 313 3054; x_wconf 89' lang='lat' dir='ltr'><strong>quam</strong></span> <span class='ocrx_word' id='word_1_173' title='bbox 337 3005 377 3052; x_wconf 84' lang='lat' dir='ltr'><strong>ex</strong></span> <span class='ocrx_word' id='word_1_174' title='bbox 416 2989 567 3039; x_wconf 82' lang='lat' dir='ltr'><strong>coniectura</strong></span> <span class='ocrx_word' id='word_1_175' title='bbox 603 2989 723 3039; x_wconf 78' lang='lat' dir='ltr'>restituit</span> <span class='ocrx_word' id='word_1_176' title='bbox 773 2988 843 3037; x_wconf 88' lang='lat' dir='ltr'><strong>unde</strong></span> <span class='ocrx_word' id='word_1_177' title='bbox 857 2988 968 3053; x_wconf 90' lang='lat' dir='ltr'><strong>primum</strong></span> <span class='ocrx_word' id='word_1_178' title='bbox 984 2986 1167 3038; x_wconf 84' lang='lat' dir='ltr'><strong>lamentabiles</strong></span> <span class='ocrx_word' id='word_1_179' title='bbox 1180 3006 1262 3040; x_wconf 79' lang='lat' dir='ltr'><strong>voces</strong></span> 
     </span>
     <span class='ocr_line' id='line_1_28' title="bbox 194 3053 1262 3129; baseline 0.003 -25"><span class='ocrx_word' id='word_1_180' title='bbox 194 3065 198 3073; x_wconf 93' lang='lat'>&#39;</span> <span class='ocrx_word' id='word_1_181' title='bbox 232 3055 305 3106; x_wconf 89' lang='lat' dir='ltr'><strong>Mus</strong></span> <span class='ocrx_word' id='word_1_182' title='bbox 312 3074 357 3122; x_wconf 81' lang='lat' dir='ltr'><strong>gr.</strong></span> <span class='ocrx_word' id='word_1_183' title='bbox 375 3053 407 3109; x_wconf 79' lang='grc' dir='ltr'><strong>τά</strong></span> <span class='ocrx_word' id='word_1_184' title='bbox 425 3055 479 3126; x_wconf 82' lang='grc' dir='ltr'><strong>γάρ</strong></span> <span class='ocrx_word' id='word_1_185' title='bbox 500 3053 640 3124; x_wconf 77' lang='grc' dir='ltr'><em>άπέγγτον</em></span> <span class='ocrx_word' id='word_1_186' title='bbox 656 3057 723 3129; x_wconf 79' lang='grc' dir='ltr'><strong><em>δίκᾳ</em></strong></span> <span class='ocrx_word' id='word_1_187' title='bbox 771 3057 973 3124; x_wconf 86' lang='lat' dir='ltr'><strong>Polymestoris,</strong></span> <span class='ocrx_word' id='word_1_188' title='bbox 992 3056 1087 3107; x_wconf 91' lang='lat' dir='ltr'><strong>oculos</strong></span> <span class='ocrx_word' id='word_1_189' title='bbox 1096 3074 1158 3106; x_wconf 92' lang='lat' dir='ltr'><strong>snos</strong></span> <span class='ocrx_word' id='word_1_190' title='bbox 1168 3074 1262 3107; x_wconf 88' lang='lat' dir='ltr'><strong>occae-</strong></span> 
     </span>
     <span class='ocr_line' id='line_1_29' title="bbox 232 3117 1260 3192; baseline -0.001 -16"><span class='ocrx_word' id='word_1_191' title='bbox 232 3124 397 3177; x_wconf 75' lang='grc' dir='ltr'><em>καλθεοῖσιν</em></span> <span class='ocrx_word' id='word_1_192' title='bbox 408 3117 444 3179; x_wconf 78' lang='lat' dir='ltr'><strong>oti</strong></span> <span class='ocrx_word' id='word_1_193' title='bbox 450 3127 603 3192; x_wconf 80' lang='grc' dir='ltr'><em>ξνμπιτνεῖ,</em></span> <span class='ocrx_word' id='word_1_194' title='bbox 613 3120 637 3177; x_wconf 84' lang='grc' dir='ltr'><strong>ά.</strong></span> <span class='ocrx_word' id='word_1_195' title='bbox 647 3121 673 3177; x_wconf 83' lang='grc' dir='ltr'><strong>ά.</strong></span> <span class='ocrx_word' id='word_1_196' title='bbox 681 3143 720 3178; x_wconf 71' lang='lat' dir='ltr'><strong>ro:</strong></span> <span class='ocrx_word' id='word_1_197' title='bbox 773 3137 847 3176; x_wconf 89' lang='lat' dir='ltr'><strong>catos</strong></span> <span class='ocrx_word' id='word_1_198' title='bbox 858 3136 884 3175; x_wconf 92' lang='lat' dir='ltr'><strong>et</strong></span> <span class='ocrx_word' id='word_1_199' title='bbox 893 3143 981 3175; x_wconf 84' lang='lat' dir='ltr'><strong>necem</strong></span> <span class='ocrx_word' id='word_1_200' title='bbox 989 3126 1134 3176; x_wconf 90' lang='lat' dir='ltr'><strong>liberorum</strong></span> <span class='ocrx_word' id='word_1_201' title='bbox 1142 3143 1260 3192; x_wconf 86' lang='lat' dir='ltr'><strong>queren-</strong></span> 
     </span>
     <span class='ocr_line' id='line_1_30' title="bbox 233 3193 1260 3263; baseline 0.003 -21"><span class='ocrx_word' id='word_1_202' title='bbox 233 3193 351 3259; x_wconf 81' lang='lat' dir='ltr'><strong>explicat</strong></span> <span class='ocrx_word' id='word_1_203' title='bbox 364 3193 445 3243; x_wconf 87' lang='lat' dir='ltr'><strong>enirn:</strong></span> <span class='ocrx_word' id='word_1_204' title='bbox 464 3195 520 3244; x_wconf 91' lang='lat' dir='ltr'><strong>ubi</strong></span> <span class='ocrx_word' id='word_1_205' title='bbox 538 3195 556 3244; x_wconf 95' lang='lat' dir='ltr'><strong>i.</strong></span> <span class='ocrx_word' id='word_1_206' title='bbox 568 3211 592 3246; x_wconf 90' lang='lat' dir='ltr'><strong>e.</strong></span> <span class='ocrx_word' id='word_1_207' title='bbox 610 3195 695 3261; x_wconf 90' lang='lat' dir='ltr'><strong>inqu</strong></span> <span class='ocrx_word' id='word_1_208' title='bbox 705 3212 721 3245; x_wconf 92' lang='lat' dir='ltr'><strong>o</strong></span> <span class='ocrx_word' id='word_1_209' title='bbox 772 3195 824 3255; x_wconf 90' lang='lat' dir='ltr'><strong>tis,</strong></span> <span class='ocrx_word' id='word_1_210' title='bbox 842 3211 902 3244; x_wconf 81' lang='lat' dir='ltr'><strong>mox</strong></span> <span class='ocrx_word' id='word_1_211' title='bbox 916 3193 955 3263; x_wconf 90' lang='lat' dir='ltr'><strong>(r.</strong></span> <span class='ocrx_word' id='word_1_212' title='bbox 973 3193 1039 3244; x_wconf 82' lang='lat'>1039</span> <span class='ocrx_word' id='word_1_213' title='bbox 1053 3194 1109 3260; x_wconf 85' lang='lat' dir='ltr'><strong>sq.)</strong></span> <span class='ocrx_word' id='word_1_214' title='bbox 1122 3211 1260 3260; x_wconf 82' lang='lat' dir='ltr'><strong>erumpere</strong></span> 
     </span>
     <span class='ocr_line' id='line_1_31' title="bbox 232 3260 1261 3329; baseline 0 -19"><span class='ocrx_word' id='word_1_215' title='bbox 232 3260 276 3311; x_wconf 84' lang='lat' dir='ltr'><strong>rel</strong></span> <span class='ocrx_word' id='word_1_216' title='bbox 295 3263 328 3310; x_wconf 91' lang='lat' dir='ltr'><strong>iu</strong></span> <span class='ocrx_word' id='word_1_217' title='bbox 352 3280 447 3329; x_wconf 90' lang='lat' dir='ltr'><strong>quem</strong></span> <span class='ocrx_word' id='word_1_218' title='bbox 474 3263 571 3313; x_wconf 87' lang='lat' dir='ltr'><strong>cadit</strong></span> <span class='ocrx_word' id='word_1_219' title='bbox 589 3272 622 3312; x_wconf 94' lang='lat' dir='ltr'><strong>et</strong></span> <span class='ocrx_word' id='word_1_220' title='bbox 640 3280 722 3313; x_wconf 92' lang='lat' dir='ltr'><strong>cou-</strong></span> <span class='ocrx_word' id='word_1_221' title='bbox 773 3262 1261 3328; x_wconf 84' lang='lat' dir='ltr'><strong>cupientisimpetnmiactumqueex-</strong></span> 
     </span>
     <span class='ocr_line' id='line_1_32' title="bbox 233 3328 1259 3392; baseline -0.001 -13"><span class='ocrx_word' id='word_1_222' title='bbox 233 3331 355 3392; x_wconf 89' lang='lat' dir='ltr'><strong>currit,</strong></span> <span class='ocrx_word' id='word_1_223' title='bbox 374 3340 408 3380; x_wconf 91' lang='lat' dir='ltr'><strong>ut</strong></span> <span class='ocrx_word' id='word_1_224' title='bbox 427 3330 467 3380; x_wconf 95' lang='lat' dir='ltr'><strong>ob</strong></span> <span class='ocrx_word' id='word_1_225' title='bbox 487 3332 615 3380; x_wconf 88' lang='lat' dir='ltr'><strong>crimen</strong></span> <span class='ocrx_word' id='word_1_226' title='bbox 633 3347 721 3380; x_wconf 87' lang='lat' dir='ltr'><strong>com-</strong></span> <span class='ocrx_word' id='word_1_227' title='bbox 771 3330 888 3380; x_wconf 84' lang='lat' dir='ltr'><strong>audiunt.</strong></span> <span class='ocrx_word' id='word_1_228' title='bbox 925 3332 977 3381; x_wconf 85' lang='lat' dir='ltr'><strong>Sed</strong></span> <span class='ocrx_word' id='word_1_229' title='bbox 990 3332 1132 3381; x_wconf 86' lang='lat' dir='ltr'><strong>antevertit</strong></span> <span class='ocrx_word' id='word_1_230' title='bbox 1141 3328 1259 3392; x_wconf 91' lang='lat' dir='ltr'><strong>Hecuba,</strong></span> 
     </span>
     <span class='ocr_line' id='line_1_33' title="bbox 231 3397 1257 3465; baseline 0.002 -18"><span class='ocrx_word' id='word_1_231' title='bbox 231 3398 722 3450; x_wconf 89' lang='lat' dir='ltr'><strong>missumsimulethumanae</strong></span> <span class='ocrx_word' id='word_1_232' title='bbox 772 3416 840 3464; x_wconf 89' lang='lat' dir='ltr'><strong>qune</strong></span> <span class='ocrx_word' id='word_1_233' title='bbox 863 3410 1002 3465; x_wconf 86' lang='lat' dir='ltr'><strong>postquam</strong></span> <span class='ocrx_word' id='word_1_234' title='bbox 1033 3398 1149 3449; x_wconf 89' lang='lat' dir='ltr'><strong>breviter</strong></span> <span class='ocrx_word' id='word_1_235' title='bbox 1174 3397 1257 3449; x_wconf 90' lang='lat' dir='ltr'><strong>choro</strong></span> 
     </span>
     <span class='ocr_line' id='line_1_34' title="bbox 230 3466 1260 3535; baseline 0.001 -19"><span class='ocrx_word' id='word_1_236' title='bbox 230 3466 395 3516; x_wconf 87' lang='lat' dir='ltr'><strong>iustitiae</strong></span> <span class='ocrx_word' id='word_1_237' title='bbox 419 3476 453 3517; x_wconf 91' lang='lat' dir='ltr'><strong>et</strong></span> <span class='ocrx_word' id='word_1_238' title='bbox 484 3468 626 3518; x_wconf 88' lang='lat' dir='ltr'><strong>deorum</strong></span> <span class='ocrx_word' id='word_1_239' title='bbox 649 3467 722 3518; x_wconf 86' lang='lat' dir='ltr'><strong>vin·</strong></span> <span class='ocrx_word' id='word_1_240' title='bbox 772 3469 1113 3535; x_wconf 83' lang='lat' dir='ltr'><strong>quidactumsitexposuit,</strong></span> <span class='ocrx_word' id='word_1_241' title='bbox 1130 3468 1260 3534; x_wconf 88' lang='lat' dir='ltr'><strong>ipsepro·</strong></span> 
     </span>
    </p>
   </div>
   <div class='ocr_carea' id='block_1_8' title="bbox 130 3533 1260 3602">
    <p class='ocr_par' dir='ltr' id='par_1_8' title="bbox 130 3533 1260 3602">
     <span class='ocr_line' id='line_1_35' title="bbox 130 3533 1260 3602; baseline 0.002 -18"><span class='ocrx_word' id='word_1_242' title='bbox 130 3542 133 3549; x_wconf 93' lang='lat'>&#39;</span> <span class='ocrx_word' id='word_1_243' title='bbox 231 3533 348 3584; x_wconf 86' lang='lat' dir='ltr'><strong>dictae</strong></span> <span class='ocrx_word' id='word_1_244' title='bbox 361 3535 409 3585; x_wconf 86' lang='lat' dir='ltr'><strong>sit</strong></span> <span class='ocrx_word' id='word_1_245' title='bbox 424 3535 590 3586; x_wconf 83' lang='lat' dir='ltr'><strong>obnoxius</strong></span> <span class='ocrx_word' id='word_1_246' title='bbox 606 3554 641 3586; x_wconf 86' lang='lat' dir='ltr'><strong>ac</strong></span> <span class='ocrx_word' id='word_1_247' title='bbox 655 3535 723 3586; x_wconf 86' lang='lat' dir='ltr'><strong>vel·</strong></span> <span class='ocrx_word' id='word_1_248' title='bbox 773 3537 845 3586; x_wconf 90' lang='lat' dir='ltr'><strong>cedit</strong></span> <span class='ocrx_word' id='word_1_249' title='bbox 858 3537 1032 3602; x_wconf 79' lang='lat' dir='ltr'><strong>Polymestor‚</strong></span> <span class='ocrx_word' id='word_1_250' title='bbox 1051 3537 1145 3585; x_wconf 87' lang='lat' dir='ltr'><strong>misere</strong></span> <span class='ocrx_word' id='word_1_251' title='bbox 1159 3536 1260 3587; x_wconf 81' lang='lat' dir='ltr'><strong>foeda-</strong></span> 
     </span>
    </p>
   </div>
   <div class='ocr_carea' id='block_1_9' title="bbox 163 3603 1259 4224">
    <p class='ocr_par' dir='ltr' id='par_1_9' title="bbox 163 3603 1259 4224">
     <span class='ocr_line' id='line_1_36' title="bbox 231 3603 1259 3670; baseline 0.002 -18"><span class='ocrx_word' id='word_1_252' title='bbox 231 3611 267 3652; x_wconf 89' lang='lat' dir='ltr'><strong>nt</strong></span> <span class='ocrx_word' id='word_1_253' title='bbox 285 3603 552 3669; x_wconf 82' lang='lat' dir='ltr'><strong>oppigneratus,</strong></span> <span class='ocrx_word' id='word_1_254' title='bbox 580 3604 637 3654; x_wconf 92' lang='lat' dir='ltr'><strong>illi</strong></span> <span class='ocrx_word' id='word_1_255' title='bbox 652 3622 718 3654; x_wconf 89' lang='lat' dir='ltr'><strong>cer·</strong></span> <span class='ocrx_word' id='word_1_256' title='bbox 767 3615 820 3663; x_wconf 85' lang='lat' dir='ltr'><strong>tus,</strong></span> <span class='ocrx_word' id='word_1_257' title='bbox 839 3621 908 3654; x_wconf 89' lang='lat' dir='ltr'><strong>nunc</strong></span> <span class='ocrx_word' id='word_1_258' title='bbox 923 3603 1064 3670; x_wconf 89' lang='lat' dir='ltr'><strong>deplorans</strong></span> <span class='ocrx_word' id='word_1_259' title='bbox 1078 3605 1181 3655; x_wconf 91' lang='lat' dir='ltr'><strong>cladem</strong></span> <span class='ocrx_word' id='word_1_260' title='bbox 1195 3622 1259 3654; x_wconf 88' lang='lat' dir='ltr'><strong>cru-</strong></span> 
     </span>
     <span class='ocr_line' id='line_1_37' title="bbox 204 3671 1257 3732; baseline -0.002 -12"><span class='ocrx_word' id='word_1_261' title='bbox 204 3671 398 3720; x_wconf 72' lang='lat' dir='ltr'><strong>stissimum</strong></span> <span class='ocrx_word' id='word_1_262' title='bbox 434 3673 578 3722; x_wconf 82' lang='lat' dir='ltr'><strong>exitium</strong></span> <span class='ocrx_word' id='word_1_263' title='bbox 610 3673 718 3723; x_wconf 89' lang='lat' dir='ltr'><strong>immi·</strong></span> <span class='ocrx_word' id='word_1_264' title='bbox 768 3672 942 3732; x_wconf 86' lang='lat' dir='ltr'><strong>delissimam,</strong></span> <span class='ocrx_word' id='word_1_265' title='bbox 962 3673 1073 3723; x_wconf 87' lang='lat' dir='ltr'><strong>nuncin</strong></span> <span class='ocrx_word' id='word_1_266' title='bbox 1089 3674 1153 3722; x_wconf 89' lang='lat' dir='ltr'><strong>iram</strong></span> <span class='ocrx_word' id='word_1_267' title='bbox 1172 3671 1257 3720; x_wconf 91' lang='lat' dir='ltr'><strong>etul-</strong></span> 
     </span>
     <span class='ocr_line' id='line_1_38' title="bbox 163 3740 1255 3807; baseline 0 -20"><span class='ocrx_word' id='word_1_268' title='bbox 163 3778 164 3786; x_wconf 69' lang='lat'><strong>.</strong></span> <span class='ocrx_word' id='word_1_269' title='bbox 231 3750 300 3790; x_wconf 88' lang='lat' dir='ltr'><strong>net.</strong></span> <span class='ocrx_word' id='word_1_270' title='bbox 335 3743 372 3789; x_wconf 84' lang='lat' dir='ltr'><strong>Ac</strong></span> <span class='ocrx_word' id='word_1_271' title='bbox 386 3757 427 3788; x_wconf 90' lang='lat' dir='ltr'><strong>me</strong></span> <span class='ocrx_word' id='word_1_272' title='bbox 438 3741 559 3807; x_wconf 89' lang='lat' dir='ltr'><strong>quidem,</strong></span> <span class='ocrx_word' id='word_1_273' title='bbox 577 3751 606 3791; x_wconf 89' lang='lat' dir='ltr'><strong>ut</strong></span> <span class='ocrx_word' id='word_1_274' title='bbox 620 3743 716 3792; x_wconf 86' lang='lat' dir='ltr'><strong>etiam-</strong></span> <span class='ocrx_word' id='word_1_275' title='bbox 767 3740 883 3791; x_wconf 89' lang='lat' dir='ltr'><strong>ciscendi</strong></span> <span class='ocrx_word' id='word_1_276' title='bbox 897 3740 1069 3806; x_wconf 87' lang='lat' dir='ltr'><strong>cupiditatem</strong></span> <span class='ocrx_word' id='word_1_277' title='bbox 1082 3741 1255 3794; x_wconf 77' lang='lat' dir='ltr'><strong>exardescens</strong></span> 
     </span>
     <span class='ocr_line' id='line_1_39' title="bbox 213 3807 1255 3871; baseline -0.002 -16"><span class='ocrx_word' id='word_1_278' title='bbox 213 3823 294 3863; x_wconf 50' lang='lat' dir='ltr'><strong>,num</strong></span> <span class='ocrx_word' id='word_1_279' title='bbox 306 3807 435 3871; x_wconf 89' lang='lat' dir='ltr'><strong>dubitem,</strong></span> <span class='ocrx_word' id='word_1_280' title='bbox 456 3827 488 3858; x_wconf 89' lang='lat' dir='ltr'><strong>au</strong></span> <span class='ocrx_word' id='word_1_281' title='bbox 503 3811 590 3860; x_wconf 89' lang='lat' dir='ltr'><strong>verior</strong></span> <span class='ocrx_word' id='word_1_282' title='bbox 601 3810 635 3860; x_wconf 90' lang='lat' dir='ltr'><strong>sit</strong></span> <span class='ocrx_word' id='word_1_283' title='bbox 648 3827 716 3860; x_wconf 83' lang='lat' dir='ltr'><strong>con-</strong></span> <span class='ocrx_word' id='word_1_284' title='bbox 767 3819 794 3859; x_wconf 93' lang='lat' dir='ltr'><strong>et</strong></span> <span class='ocrx_word' id='word_1_285' title='bbox 807 3808 932 3858; x_wconf 82' lang='lat' dir='ltr'><strong>auxilium</strong></span> <span class='ocrx_word' id='word_1_286' title='bbox 953 3828 1061 3860; x_wconf 89' lang='lat' dir='ltr'><strong>suorum</strong></span> <span class='ocrx_word' id='word_1_287' title='bbox 1079 3811 1255 3859; x_wconf 88' lang='lat' dir='ltr'><strong>Graecorum-</strong></span> 
     </span>
     <span class='ocr_line' id='line_1_40' title="bbox 229 3874 1192 3947; baseline -0.003 -23"><span class='ocrx_word' id='word_1_288' title='bbox 229 3874 330 3926; x_wconf 88' lang='lat' dir='ltr'><strong>iectura</strong></span> <span class='ocrx_word' id='word_1_289' title='bbox 339 3877 366 3925; x_wconf 92' lang='lat' dir='ltr'><strong>M</strong></span> <span class='ocrx_word' id='word_1_290' title='bbox 375 3895 391 3927; x_wconf 91' lang='lat' dir='ltr'><strong>u</strong></span> <span class='ocrx_word' id='word_1_291' title='bbox 400 3896 412 3927; x_wconf 95' lang='lat' dir='ltr'><strong>s</strong></span> <span class='ocrx_word' id='word_1_292' title='bbox 419 3879 516 3944; x_wconf 80' lang='lat' dir='ltr'><strong>gravi</strong></span> <span class='ocrx_word' id='word_1_293' title='bbox 524 3879 541 3941; x_wconf 94' lang='lat' dir='ltr'><strong>i,</strong></span> <span class='ocrx_word' id='word_1_294' title='bbox 551 3879 716 3947; x_wconf 88' lang='lat' dir='ltr'><strong>potissimum</strong></span> <span class='ocrx_word' id='word_1_295' title='bbox 767 3894 818 3945; x_wconf 89' lang='lat' dir='ltr'><strong>que</strong></span> <span class='ocrx_word' id='word_1_296' title='bbox 832 3887 858 3926; x_wconf 90' lang='lat' dir='ltr'><strong>et</strong></span> <span class='ocrx_word' id='word_1_297' title='bbox 876 3879 1026 3928; x_wconf 82' lang='lat' dir='ltr'><strong>Atridarum</strong></span> <span class='ocrx_word' id='word_1_298' title='bbox 1039 3890 1192 3944; x_wconf 83' lang='lat' dir='ltr'><strong>exposcens.</strong></span> 
     </span>
     <span class='ocr_line' id='line_1_41' title="bbox 229 3938 1254 4015; baseline 0.008 -22"><span class='ocrx_word' id='word_1_299' title='bbox 229 3955 320 3995; x_wconf 83' lang='lat' dir='ltr'><strong>movet</strong></span> <span class='ocrx_word' id='word_1_300' title='bbox 337 3946 462 4011; x_wconf 89' lang='lat' dir='ltr'><strong>repetitio</strong></span> <span class='ocrx_word' id='word_1_301' title='bbox 485 3948 558 3997; x_wconf 88' lang='lat' dir='ltr'><strong>vocis</strong></span> <span class='ocrx_word' id='word_1_302' title='bbox 575 3941 716 4015; x_wconf 76' lang='grc' dir='ltr'><em>ὀλέθριον,</em></span> <span class='ocrx_word' id='word_1_303' title='bbox 799 3947 912 3997; x_wconf 80' lang='lat' dir='ltr'><strong>v.1039.</strong></span> <span class='ocrx_word' id='word_1_304' title='bbox 939 3945 979 4001; x_wconf 73' lang='grc' dir='ltr'><strong>οὔ</strong></span> <span class='ocrx_word' id='word_1_305' title='bbox 987 3968 1019 4000; x_wconf 85' lang='grc' dir='ltr'><strong>τι</strong></span> <span class='ocrx_word' id='word_1_306' title='bbox 1039 3947 1083 4014; x_wconf 84' lang='grc' dir='ltr'><strong>μὴ</strong></span> <span class='ocrx_word' id='word_1_307' title='bbox 1103 3938 1254 4010; x_wconf 69' lang='grc' dir='ltr'><strong>φάγητε]</strong></span> 
     </span>
     <span class='ocr_line' id='line_1_42' title="bbox 229 4013 1255 4082; baseline 0 -20"><span class='ocrx_word' id='word_1_308' title='bbox 229 4029 297 4080; x_wconf 90' lang='lat' dir='ltr'><strong>quae</strong></span> <span class='ocrx_word' id='word_1_309' title='bbox 316 4013 393 4064; x_wconf 89' lang='lat' dir='ltr'><strong>haud</strong></span> <span class='ocrx_word' id='word_1_310' title='bbox 408 4015 464 4065; x_wconf 88' lang='lat' dir='ltr'><strong>scio</strong></span> <span class='ocrx_word' id='word_1_311' title='bbox 484 4032 517 4064; x_wconf 89' lang='lat' dir='ltr'><strong>an</strong></span> <span class='ocrx_word' id='word_1_312' title='bbox 536 4014 636 4066; x_wconf 88' lang='lat' dir='ltr'><strong>indicio</strong></span> <span class='ocrx_word' id='word_1_313' title='bbox 658 4031 718 4066; x_wconf 84' lang='lat' dir='ltr'><strong>esse</strong></span> <span class='ocrx_word' id='word_1_314' title='bbox 768 4030 837 4064; x_wconf 89' lang='lat' dir='ltr'><strong>non</strong></span> <span class='ocrx_word' id='word_1_315' title='bbox 855 4015 1048 4082; x_wconf 86' lang='lat' dir='ltr'><strong>effugietis.</strong></span> <span class='ocrx_word' id='word_1_316' title='bbox 1066 4013 1164 4063; x_wconf 83' lang='lat' dir='ltr'><strong>Acristi</strong></span> <span class='ocrx_word' id='word_1_317' title='bbox 1183 4013 1255 4062; x_wconf 90' lang='lat' dir='ltr'><strong>enim</strong></span> 
     </span>
     <span class='ocr_line' id='line_1_43' title="bbox 229 4075 1253 4151; baseline 0.004 -20"><span class='ocrx_word' id='word_1_318' title='bbox 229 4081 325 4133; x_wconf 90' lang='lat' dir='ltr'><strong>debeat</strong></span> <span class='ocrx_word' id='word_1_319' title='bbox 339 4083 418 4150; x_wconf 87' lang='lat' dir='ltr'><strong>hinc,</strong></span> <span class='ocrx_word' id='word_1_320' title='bbox 444 4084 549 4134; x_wconf 88' lang='lat' dir='ltr'><strong>utfecit</strong></span> <span class='ocrx_word' id='word_1_321' title='bbox 564 4085 718 4150; x_wconf 78' lang='lat' dir='ltr'><strong>Musgra-</strong></span> <span class='ocrx_word' id='word_1_322' title='bbox 768 4083 952 4135; x_wconf 89' lang='lat' dir='ltr'><strong>coniunctivus</strong></span> <span class='ocrx_word' id='word_1_323' title='bbox 970 4103 985 4135; x_wconf 87' lang='lat' dir='ltr'><strong>a</strong></span> <span class='ocrx_word' id='word_1_324' title='bbox 1002 4082 1138 4151; x_wconf 84' lang='lat' dir='ltr'><strong>particulis</strong></span> <span class='ocrx_word' id='word_1_325' title='bbox 1160 4075 1195 4135; x_wconf 82' lang='grc' dir='ltr'><strong>ου’</strong></span> <span class='ocrx_word' id='word_1_326' title='bbox 1213 4076 1253 4148; x_wconf 81' lang='grc' dir='ltr'><em>μή</em></span> 
     </span>
     <span class='ocr_line' id='line_1_44' title="bbox 220 4150 1253 4224; baseline 0 -24"><span class='ocrx_word' id='word_1_327' title='bbox 220 4150 305 4218; x_wconf 74' lang='lat' dir='ltr'><strong>rius,</strong></span> <span class='ocrx_word' id='word_1_328' title='bbox 320 4151 502 4220; x_wconf 88' lang='lat' dir='ltr'><strong>incipiendam</strong></span> <span class='ocrx_word' id='word_1_329' title='bbox 510 4153 716 4224; x_wconf 86' lang='lat' dir='ltr'><strong>esseapodosin.</strong></span> <span class='ocrx_word' id='word_1_330' title='bbox 735 4172 754 4208; x_wconf 78' lang='grc' dir='ltr'><strong><em>ο</em></strong></span> <span class='ocrx_word' id='word_1_331' title='bbox 766 4153 885 4220; x_wconf 85' lang='lat' dir='ltr'><strong>pendens</strong></span> <span class='ocrx_word' id='word_1_332' title='bbox 897 4153 951 4205; x_wconf 85' lang='lat' dir='ltr'><strong>rim</strong></span> <span class='ocrx_word' id='word_1_333' title='bbox 965 4152 1077 4221; x_wconf 85' lang='lat' dir='ltr'><strong>suscipit</strong></span> <span class='ocrx_word' id='word_1_334' title='bbox 1093 4151 1178 4202; x_wconf 88' lang='lat' dir='ltr'><strong>futuri</strong></span> <span class='ocrx_word' id='word_1_335' title='bbox 1194 4165 1253 4201; x_wconf 83' lang='lat' dir='ltr'><strong>curn</strong></span> 
     </span>
    </p>
   </div>
   <div class='ocr_carea' id='block_1_10' title="bbox 0 0 1310 4546">
    <p class='ocr_par' dir='ltr' id='par_1_10' title="bbox 0 0 1310 4546">
     <span class='ocr_line' id='line_1_45' title="bbox 0 0 1310 4546; baseline 0 5"><span class='ocrx_word' id='word_1_336' title='bbox 0 0 1310 4546; x_wconf 95' lang='lat' dir='ltr'><strong> </strong></span> 
     </span>
    </p>
   </div>
  </div>
 </body>
</html>
