2610 4546
138 263 179 326 12
533 257 785 322 uuulrrals

206 418 262 475 Sed
281 417 386 487 aliquid
405 422 496 471 tamen
517 418 626 471 videtur
643 418 809 472 incommodi
829 418 952 473 etudine
974 417 1025 475 ills
1040 419 1163 476 duarum

139 513 278 568 actionum
291 513 457 577 coniunctio,
475 517 505 565 ut
521 529 631 564 scenam
646 513 778 567 collocari
793 512 821 565 iu
834 514 974 567 Thraciae
988 514 1163 569 Chersoneso

137 611 167 661 et
177 607 204 660 in
217 608 328 660 Troade
342 623 452 659 necesse
468 611 545 658 essct.
579 607 621 657 De
633 607 802 659 Chersoneso
816 612 920 660 constat
936 625 968 660 ex
981 625 1008 659 v·
1021 607 1066 660 33.
1083 609 1165 663 aliis-

139 719 191 770 que
203 701 285 753 huius
298 700 411 753 fabulae
427 699 504 752 locis.
539 699 570 752 ln
583 699 693 751 Troade
708 704 800 753 autern
818 701 851 753 fit
863 701 1031 754 sacrificium
1040 703 1164 771 Polyxe-

137 810 199 847 nae.
232 796 304 847 Nam
315 794 387 861 qnod
400 792 423 844 is
437 792 481 858 qui
495 792 604 859 scripsit
617 799 809 862 argumentum
821 796 963 860 Hecubae,
980 799 1008 847 ct
1023 797 1112 849 schol.
1126 800 1164 850 ad

137 907 165 940 ν.
176 887 230 940 alt
239 888 285 940 ed.
296 887 396 939 Matth.
408 885 639 954 excogitaverunt,
657 894 688 939 nt
699 887 892 953 cenotaphium
902 888 1018 942 Achillis
1029 888 1059 940 iu
1072 890 1164 944 Cher-

136 997 233 1034 soneso
247 985 413 1032 exstructum
426 995 485 1030 esse
499 978 671 1043 coniicercnt,
688 981 724 1031 ad
738 981 811 1046 quod
822 981 903 1034 fieret
914 981 1091 1046 sacrificium,
1103 983 1164 1037 cius

136 1075 180 1128 rei
193 1074 268 1143 apud
280 1072 369 1140 ipsum
381 1077 492 1139 poetam
500 1088 538 1141 rue
551 1071 722 1123 levissimum
740 1073 850 1139 quidem
861 1074 1010 1145 vestigium
1021 1080 1071 1128 est.
1106 1077 1162 1132 Nc·

90 1183 97 1193 ’
137 1186 190 1237 que
213 1184 297 1231 vero,
321 1165 393 1233 quod
412 1165 575 1232 opinabatur
593 1165 822 1231 Prevnrtinr,
845 1170 980 1220 tumulum
991 1169 1111 1224 scauri·
1128 1187 1162 1225 ex

136 1262 222 1330 Sigeo
238 1259 267 1311 in
278 1259 431 1312 Thraciam
446 1258 589 1310 transferri
605 1258 690 1311 licuit.
724 1259 816 1312 Licuit
827 1261 902 1314 aliud
918 1267 1025 1330 poetae,
1043 1269 1074 1316 ut
1087 1264 1162 1318 radi-

136 1353 191 1406 isse
204 1353 325 1405 Graecos
344 1367 361 1404 a
379 1352 550 1404 Chersoneso
570 1351 597 1401 in
610 1353 750 1405 Troadem
761 1353 888 1423 fingeret.
918 1329 1092 1423 Spectatoies
1110 1374 1163 1411 au·

135 1452 193 1500 tem
207 1451 237 1498 ut
249 1447 334 1498 lateat
347 1444 400 1497 ista
412 1443 466 1497 loci
481 1445 605 1510 mutatio,
618 1447 746 1499 duceres
761 1446 879 1500 faciunt:
897 1448 1016 1516 primum
1027 1451 1162 1517 quodsu-

133 1557 214 1591 crum
226 1555 279 1591 non
292 1538 319 1589 in
333 1553 415 1591 scena
427 1537 577 1604 perlinitur,
589 1540 639 1590 sed
650 1540 804 1592 narratione
817 1543 1004 1594 tantummodo
1017 1544 1164 1611 praeconis

136 1632 326 1702 cognoscitur3
344 1631 442 1682 deinde
454 1631 527 1697 quod
540 1632 684 1702 diligenter
699 1632 774 1686 cavit
785 1640 881 1701 poeta,
898 1653 932 1688 ne
946 1636 1163 1692 commemorato

135 1728 198 1779 loco
218 1723 336 1792 sepulcri
349 1725 385 1776 ad
396 1723 475 1776 illam
492 1741 552 1775 rem
568 1726 615 1792 qui
630 1725 778 1779 audiebant
794 1727 915 1780 animum
926 1730 1083 1783 adiicerent
1118 1733 1163 1786 De

134 1823 251 1885 chaque
264 1834 295 1878 re
307 1814 411 1869 monuit
421 1818 646 1868 Hermannus
660 1823 751 1870 annot.
766 1820 802 1870 ad
816 1837 843 1871 v.
857 1821 900 1874 33.
934 1823 1098 1890 Quanquam
1115 1826 1163 1879 vi-

135 1914 202 1964 deor
214 1910 366 1979 reperisse,
384 1910 432 1962 ubi
446 1909 525 1962 illam
537 1925 624 1976 paene
636 1909 778 1978 reliquerit
789 1913 943 1967 cautionem
953 1915 1052 1969 inscius
1067 1894 1162 1987 poeta

134 2007 205 2060 Nam
223 2020 293 2073 quaa
307 2004 442 2058 dicentem
455 2003 524 2057 iacit
536 2004 772 2073 Agamemnonem
786 2024 813 2059 v.
829 2006 898 2060 llll
914 2027 986 2078 sqq.=

592 2097 619 2150 εἰ
629 2095 660 2150 δέ
671 2095 709 2166 μή
725 2101 842 2170 Φρυγῶν

285 2187 410 2262 πύργους
422 2189 562 2252 πεσόντας
572 2181 659 2261 ᾖσμεν
674 2189 810 2268 Ἑλλήνων
823 2194 895 2265 δορί,
923 2208 927 2216 ’

286 2284 379 2354 φόβον
390 2280 504 2353 παρέσχ’
518 2278 554 2335 dv
567 2279 602 2336 ου’
611 2281 701 2349 μέσως
713 2279 762 2336 ὅδε
774 2281 890 2346 κτύπος.

133 2378 179 2430 vix
199 2380 324 2444 poterant
344 2381 422 2441 apte,
448 2374 500 2426 uisi
513 2374 542 2425 in
556 2373 616 2440 ipso
631 2389 700 2441 agro
712 2373 834 2425 Τιοίοιιο
851 2375 917 2425 etin
934 2374 1036 2425 vicinia
1058 2383 1160 2441 captae

133 2469 218 2533 urbis,
237 2467 299 2520 dici.
330 2468 386 2521 Scd
397 2467 452 2519 hoc
464 2465 564 2533 ipsum,
582 2466 672 2530 credo,
689 2464 801 2517 efficere
813 2466 908 2531 voluit,
922 2472 951 2520 ut
963 2468 1034 2518 haee
1048 2485 1082 2519 ne
1095 2473 1161 2523 tan-

133 2568 211 2634 geret
226 2562 336 2631 quidem
350 2561 458 2613 omnino
471 2559 577 2612 animos
592 2559 732 2629 cogitatio,
743 2564 843 2627 quanto
855 2560 922 2614 illae
934 2560 1059 2630 regiones
1073 2561 1162 2616 inter-

133 2659 209 2710 vallo
223 2655 333 2709 dissitac
346 2659 442 2707 essent.

200 2749 260 2802 Non
274 2747 523 2801 animadverterunt
535 2748 696 2814 interpretes
710 2744 796 2797 aliam
809 2746 1009 2814 difficultatem,
1022 2765 1094 2815 quae
1106 2753 1159 2804 ob·
1200 2774 1207 2781 ·

132 2842 224 2898 iicitur
239 2841 408 2911 comparanti
419 2842 471 2892 hos
483 2858 578 2893 versus
588 2858 623 2892 ex
635 2842 766 2909 prologo:

286 2934 301 2991 ό
321 2932 437 3005 Πηλέως
453 2932 507 3006 γάρ
522 2938 590 2996 παῖς
608 2931 686 3004 daig.
696 2929 805 3004 τύμβον
827 2932 928 3000 φανάς

285 3025 393 3098 serini
413 3022 544 3098 Ἀχιλλεὺς
560 3029 619 3083 πάν
634 3024 781 3098 στράτευμ’
800 3022 958 3095 Ἑλληνικόν

285 3121 357 3194 πρὸς
376 3119 455 3176 οἷκον
472 3119 647 3183 εὐθύνοντας
661 3120 774 3176 ἐναλίαν
791 3117 910 3190 πλάτην·

286 3217 362 3270 αἰτεῖ
377 3213 402 3269 δ’
421 3211 549 3281 α’δελφήν
566 3213 617 3283 τὴν
634 3212 704 3283 ἐμὴν
722 3196 882 3282 Πολυξένην

288 3303 384 3379 τύμβφ
404 3309 488 3375 φίλον
504 3305 678 3378 πρόσφαγμα
694 3306 742 3360 καὶ
759 3306 841 3378 γέρας
857 3309 961 3377 λαβεῖν.

133 3420 197 3455 cnm
208 3402 252 3469 iis,
270 3419 337 3469 quos
350 3401 422 3454 infra
435 3403 552 3454 Hecuba
565 3402 729 3470 pronuntiat,
746 3419 772 3453 v.
786 3399 923 3454 94-912

283 3487 350 3564 ἦλθ’
367 3492 439 3565 ὑπὲρ
456 3488 543 3566 άκρας
559 3491 667 3567 τύμβον
684 3497 814 3567 κορυφᾶς

286 3582 427 3657 φάντασμά
444 3584 573 3657 Ἀχιλέος,
781 3579 783 3584 ’

285 3677 348 3754 ᾔτει
366 3680 397 3736 δὲ
413 3680 495 3753 γέρας
511 3684 568 3738 ταῖν
583 3678 774 3754 πολυμόχθων

286 3771 350 3830 τινά
370 3773 533 3844 Τρωϊάδων.

133 3868 254 3933 Utroque
267 3870 328 3921 loco
343 3869 451 3923 diversa
470 3871 595 3924 tradidit:
614 3869 708 3938 priori,
726 3867 797 3935 quod
809 3867 944 3918 communi
959 3867 1035 3919 fama
1047 3867 1159 3921 fereba-

134 3966 185 4024 tur,
205 3962 365 4015 nominatim
378 3966 527 4033 expetitam
539 3966 575 4017 ab
587 3963 694 4016 Achille
707 3963 886 4030 Polyxenam,
905 3979 938 4012 ex
956 3977 1009 4027 quo
1025 3965 1109 4027 patet,
1129 3968 1160 4014 ut

134 4056 187 4112 hoc
201 4055 288 4108 obiter
304 4073 447 4125 moneam,
462 4057 577 4127 probari
591 4073 645 4110 non
658 4073 738 4124 posse
754 4055 936 4109 coniecturam
948 4054 1063 4106 Porsoni
1076 4052 1161 4125 γέρας
