2610 4546
558 198 819 321 nuuttlnts

503 417 886 492 ΑΓΑΜΕΜΝΩΝ.

178 515 245 620 tyn
267 519 306 594 cl
328 515 388 592 stul
410 512 476 591 σδν
498 523 603 592 παῖδα
624 519 682 593 ναὶ
706 517 811 615 τύχας
835 520 947 611 eldea,
1136 532 1217 604 850

66 635 77 643 ·
175 621 187 653 2

183 621 314 721 Εανὶβη,
339 617 382 695 δι’
407 617 528 695 οἴνινον
547 621 640 718 χεῖρά
663 617 700 694 p?
723 619 852 697 ἱκεσίαν
877 622 951 716 ἔχω,
1273 620 1278 759 ι

178 726 238 801 ναὶ
260 721 427 822 βούλομαι
450 729 542 799 θεῶν
564 721 601 797 u’
625 719 736 799 αῧνανί
761 722 899 799 ἀνόσιον
924 721 1019 810 ξένον

179 829 238 902 καὶ
262 832 328 900 ταῦ
352 825 489 899 δικαίου
511 823 610 924 τήνδε
636 843 692 898 σοι
716 832 839 901 δοῦναι
862 827 971 923 δίκην,

180 933 216 1005 el
234 947 306 1019 τως
331 927 453 1026 φανείη
476 922 506 1024 γ’
530 925 609 1018 ὥςτε
633 927 691 1000 σοί
713 925 741 1000 τ’
767 930 850 1022 ’ἔχειν
871 934 994 1019 καλῶς,

179 1036 312 1134 στρατῷ
333 1058 368 1104 τε
393 1027 440 1127 μὴ
465 1025 597 1124 δόξαιμι
622 1028 828 1125 Κασάνδρας
852 1029 950 1126 χάριν
1139 1038 1211 1108 855

185 1133 323 1231 Θρῄκης
345 1129 461 1205 ἄνακτι
483 1129 579 1206 τόνδε
602 1137 789 1227 βουλεῦσαι
814 1133 934 1228 φόνον.

182 1235 273 1310 ἔστιν
296 1232 360 1330 γὰρ
384 1224 408 1329 ᾗ
433 1231 601 1332 ταραγμὸς
626 1231 813 1327 ἐμπέπτωκέ
838 1260 905 1329 μοι·

180 1333 241 1410 τὸν
265 1333 372 1429 ἄνδρα
395 1341 518 1409 τοῦτον
541 1337 659 1432 φίλιον
683 1334 808 1434 ἡγεῖται
832 1331 984 1430 στρατός,

180 1434 243 1513 τὸν
265 1435 476 1529 κατθανόντα
499 1435 531 1511 δ’
554 1436 686 1534 ἐχθρόν
710 1440 741 1510 el
764 1439 801 1511 δὲ
825 1441 881 1512 σοὶ
905 1439 1007 1533 φίλος

181 1536 235 1615 ὅδ’
257 1541 336 1630 ἐστί,
359 1540 461 1636 χωρὶς
483 1545 587 1614 ταῦτα
611 1537 678 1614 acsi
702 1536 817 1614 αοινδν
839 1545 978 1640 στρατῷ.
1135 1545 1211 1619 860

181 1638 269 1741 πρὸς
286 1647 393 1716 ταῦτα
417 1640 577 1740 φρόντιζ’·
603 1638 651 1733 ὡς
673 1643 818 1717 θέλοντα
842 1642 902 1739 μέν
927 1640 960 1737 μ’
985 1638 1069 1734 ἔχεις

253 1954 279 1992 τ,
297 1937 357 1992 850.
391 1937 605 1992 Matthiaeus
624 1957 657 1992 ex
677 1941 770 2010 paucis
790 1942 871 1994 codd.
891 1942 998 2010 recepit
1015 1939 1112 2011 ἔγωγε,
1134 1941 1204 2012 quod
1279 1970 1281 1987 ι

183 2004 216 2064 ci
231 2009 285 2060 iam
304 2009 404 2089 inesset
421 2009 451 2061 in
468 2007 553 2078 τύχας
567 2006 660 2064 σέθεν.
694 2013 811 2063 Possunt
826 2021 917 2063 tamen
937 2013 987 2063 illa
1002 2013 1083 2064 etiam
1100 2012 1204 2064 iunctim
1278 2009 1281 2055 ἕ

183 2095 392 2132 commemorari.
1117 2125 1119 2128 ,

253 2165 279 2200 v.
297 2144 357 2198 859.
391 2143 581 2196 Elmsleius
595 2146 629 2197 ad
644 2146 726 2216 Soph.
740 2149 807 2199 oud.
821 2149 853 2203 T.
871 2148 930 2200 376.
950 2157 976 2198 et
993 2149 1027 2200 ad
1041 2150 1135 2218 Enrip.
1151 2147 1208 2215 lph.

184 2215 220 2266 Τ.
232 2216 294 2267 208.
311 2213 462 2280 corrigite!
477 2210 502 2267 δ’
516 2211 579 2283 ἐμοὶ
598 2217 680 2283 φίλος
695 2211 738 2271 ὅδ’
752 2215 819 2271 ἔστί.
854 2218 906 2267 Sed
919 2217 1022 2268 fallitur
1033 2218 1066 2267 V.
1079 2219 1113 2270 D.
1149 2218 1211 2269 No-

184 2284 259 2336 lebat
274 2288 433 2350 Agamemno
459 2299 520 2332 suas
545 2286 672 2350 quasdam
691 2296 779 2353 partes
798 2289 826 2337 in
850 2286 1001 2337 ulciscendo
1021 2285 1213 2350 Polymestore
1274 2350 1279 2363 ι

184 2403 223 2451 Ac
236 2399 340 2465 singula
352 2416 473 2467 quaeque
488 2401 631 2467 complecti
646 2413 674 2453 et
724 2404 794 2455 enim
803 2403 914 2453 alterum
925 2419 955 2450 ex
968 2399 1080 2465 duobus,
1097 2401 1132 2449 de
1148 2404 1214 2468 qui-

184 2467 295 2535 lcngum
304 2477 344 2518 est
353 2485 439 2536 neque
450 2467 530 2519 huius
541 2471 612 2530 loci3
626 2471 673 2522 sed
724 2473 773 2523 bus
787 2470 968 2538 explicandum
981 2467 1066 2531 erst):
1082 2484 1152 2534 quas
1164 2473 1212 2536 qui

184 2554 266 2590 unum
278 2547 407 2604 estgenus
420 2538 596 2602 necessitatis,
607 2556 673 2607 quae
723 2543 884 2608 migraverit,
898 2539 1021 2590 adversus
1031 2553 1092 2586 eum
1103 2536 1148 2586 fas
1162 2547 1211 2604 est,

184 2606 306 2658 nascitur
335 2624 369 2656 ex
393 2606 505 2672 quadam
529 2625 618 2658 rerum
643 2626 673 2658 ac
724 2621 847 2678 tanquam
857 2610 983 2659 adversus
996 2604 1211 2656 crudelissimam

185 2676 312 2727 fortunae
332 2674 494 2742 conditione,
513 2677 554 2725 cui
573 2687 674 2727 tantam
722 2689 823 2746 pestem
836 2677 940 2740 generis
954 2673 1070 2733 humani,
1081 2675 1211 2740 sepositis

176 2745 240 2796 ,vim
247 2743 359 2809 tribuas,
367 2751 396 2792 ut
403 2744 522 2810 superari
533 2762 674 2810 nonposse
721 2745 876 2805 inimicitiis,
892 2743 1052 2806 coniungere
1065 2759 1131 2810 opes
1140 2761 1211 2809 suas,

185 2812 318 2864 videatur.
355 2811 408 2874 Sic,
426 2822 457 2862 ut
473 2811 674 2879 uturexemplo‚
722 2813 924 2881 quibuscunque
948 2810 1032 2875 pietas
1054 2829 1085 2861 ac
1106 2811 1210 2862 iustitia

186 2897 266 2932 nemo
289 2896 404 2947 uuquam
425 2881 539 2930 credidit
557 2883 626 2942 fore,
647 2890 675 2930 ut
722 2897 801 2933 curae
830 2878 958 2944 cordique
991 2888 1039 2929 est.
1082 2881 1114 2929 In
1144 2897 1211 2930 ean-

185 2949 342 3002 accrrimum
360 2949 431 2999 illud
448 2949 674 3016 inveteratumque
720 2951 780 3001 dem
789 2946 945 2999 sententiam
954 2947 1091 3012 praeclara
1099 2949 1208 3025 scripsit

186 3019 351 3069 Graecorum
363 3018 391 3069 in
404 3020 497 3068 Persas
512 3019 601 3070 odium
619 3019 672 3070 ob·-
720 3018 815 3070 Frid.
837 3015 1040 3066 Schillerus
1059 3027 1167 3068 nostras
1181 3017 1207 3068 in

186 3087 356 3152 literaretur,
373 3087 422 3136 sed
434 3086 591 3139 videbantur
605 3105 672 3155 qua·
709 3090 811 3140 'Morte
825 3085 1025 3138 Wallensteinii
1041 3090 1098 3136 Act.
1120 3088 1142 3136 1.
1164 3089 1207 3136 Sc.

187 3155 249 3206 (lam
261 3151 370 3223 αἰνάγαῃ
386 3154 451 3204 illae
469 3157 566 3205 mutuis
581 3174 612 3206 ex
629 3157 673 3205 in·
721 3158 767 3206 Vl.
791 3156 823 3205 de
843 3154 912 3215 fide,
937 3155 1011 3204 cuins
1030 3153 1208 3206 violatoribus
1278 3188 1281 3199 ·

185 3223 263 3274 iuriis
279 3232 352 3272 ortae
368 3223 423 3272 irae
439 3239 469 3272 ac
486 3226 671 3275 contentiones
721 3225 822 3275 bellum
842 3223 875 3272 ab
896 3225 1019 3273 universo
1038 3240 1135 3288 genere
1155 3223 1207 3274 hu·
1279 3220 1281 3225 ’

185 3291 258 3343 inter
272 3301 414 3356 utrumque
433 3290 560 3357 populum
575 3294 672 3358 vigere.
722 3310 799 3343 mano
813 3301 969 3359 perpetuum
988 3291 1120 3342 indictum
1140 3308 1205 3353 esse,
1279 3290 1282 3321 ³

185 3359 241 3410 aed
254 3368 342 3409 tamen
358 3375 389 3407 ea
400 3358 550 3408 inciderunt
564 3370 673 3428 tempo·
721 3363 802 3428 idque
811 3372 885 3411 tanto
895 3363 1009 3410 omnium
1022 3377 1155 3411 consensu
1164 3375 1204 3409 ca-
1257 3366 1259 3370 ’

75 3484 79 3495 ¹
185 3443 225 3489 ra,
244 3427 341 3493 quibus
360 3426 393 3476 de
414 3429 599 3492 consanguinei
619 3448 674 3496 po·
722 3430 811 3498 pessi,
837 3440 867 3479 ut
886 3441 988 3480 ceterae
1013 3428 1204 3495 aliquantisper

185 3493 245 3562 puli
259 3495 339 3544 exitio
352 3511 410 3544 cum
420 3494 572 3561 alienigenis
584 3508 610 3548 et
622 3498 673 3548 ho·
722 3499 872 3549 discordiae
881 3498 1079 3563 conquiescant.
1091 3499 1207 3559 Sed,ex-

187 3561 274 3613 stibus
295 3563 476 3613 consentirent
489 3566 672 3617 Lacedaemo·
722 3567 822 3634 plicata
836 3567 975 3629 sententia,
993 3574 1085 3629 restat,
1104 3577 1207 3617 utver-
1280 3606 1283 3611 .

186 3631 235 3682 nii.
250 3631 343 3698 Neque
356 3631 441 3680 minus
456 3632 614 3687 incredibile
628 3636 672 3686 vi·
720 3636 814 3686 borum
830 3634 982 3683 adiiciamus
1003 3633 1207 3702 interpretatio·
1280 3616 1283 3691 l

187 3715 245 3750 sum
262 3709 304 3749 est
325 3701 457 3750 communi
474 3705 602 3764 consilio,
625 3704 672 3772 qui
721 3701 996 3769 nem,quaetalisest:
1009 3705 1122 3765 „mirum
1130 3717 1203 3772 quam
1281 3700 1283 3705 ’

185 3767 320 3817 debebant
337 3785 395 3818 esse
410 3770 480 3820 inter
496 3790 524 3823 se
539 3773 671 3824 inimicis·
719 3771 786 3822 nihil
801 3786 855 3819 non
867 3770 972 3821 accidat
984 3770 1148 3837 hominibus,
1159 3786 1204 3821 ue·

186 3835 254 3900 simi,
263 3837 482 3901 Agamemnonem
495 3851 522 3891 et
535 3843 670 3893 Hecubam
720 3856 826 3908 queres
840 3856 893 3905 eae,
906 3858 973 3906 quae
984 3840 1150 3908 adstringere
1157 3855 1205 3890 ecs

185 3903 272 3954 ultum
292 3904 377 3957 ituros
397 3909 483 3959 scelus
497 3910 670 3979 Polymesto-
719 3909 745 3958 vi
759 3908 925 3959 necessitatis
939 3911 1092 3974 videantur,
1111 3918 1207 3978 quate·

186 3971 234 4037 ris,
250 3972 365 4026 hominis
376 3978 542 4029 sanctissimo
556 3979 668 4044 hospitii
717 3976 888 4045 movebant,
898 3978 1004 4030 aliunde
1013 3979 1115 4043 pendet
1127 3993 1206 4046 quam
1281 4022 1284 4029 .

184 4040 244 4094 iure
256 4059 315 4093 cum
322 4044 445 4096 Troianis
459 4049 602 4099 coniuncti.
615 4047 668 4098 Sed
718 4063 733 4096 a
749 4045 860 4113 legibus,
868 4066 935 4116 quae
949 4058 976 4097 et
989 4046 1132 4096 amicitiam
1145 4062 1205 4097 cum
1282 4044 1284 4049 ’

185 4108 236 4163 hac
249 4112 330 4163 etiam
340 4106 449 4184 ἀνάγκῃ
464 4117 549 4168 maior
563 4118 615 4168 suit
628 4116 667 4165 vis
717 4114 903 4167 inimicissimis
916 4118 1027 4180 iungunt
1040 4125 1068 4164 et
1080 4115 1204 4165 inimicos
1281 4114 1284 4169 i

181 4189 264 4248 atque
282 4184 425 4236 auctoritas
445 4187 532 4252 legum
552 4186 595 4254 (id
612 4192 668 4235 erat
717 4201 750 4236 ex
762 4185 901 4236 benevolis
925 4185 1057 4234 faciunt.’'
1092 4183 1204 4249 Didy-
1282 4196 1284 4255 j
